2650 3925
390 222 478 289 32
1369 224 1423 277 Π

388 373 733 433 Muneribus
778 376 1012 450 potiare
1057 375 1266 451 patris,
1311 394 1454 435 nam
1499 376 1650 435 fata*
1672 376 1916 453 polique

389 462 471 522 Et
515 465 621 522 tua
665 466 726 522 te
770 466 968 523 virtus
1012 467 1231 523 merita
1276 465 1355 523 ad
1399 467 1632 525 maiora
1674 468 1997 524 reservant.

387 551 537 626 Duc,
581 554 803 611 iterum
846 556 1041 631 rogat,
1087 557 1148 613 et
1193 572 1431 613 sacrum
1474 573 1570 612 me
1617 553 1869 613 admitte
1912 557 2224 630 parentem

276 660 363 701 405
390 641 885 717 Immeritumque
931 642 1088 701 licet.
1180 642 1419 722 Patrios
1465 650 1597 703 non'
1623 644 1733 702 ,ille
1778 642 2020 703 refellet·

390 730 646 805 AffatuS,
691 733 795 807 pia
837 734 983 791 vota
1028 733 1180 791 solet
1222 732 1615 807 lacrimasque
1660 734 2009 807 precantum

388 819 631 878 Mollius
678 822 944 896 accipere
992 823 1054 880 et
1096 821 1268 881 fessis
1313 839 1651 882 succurrere
1697 821 1893 898 rebus,

391 907 506 967 Cui
550 912 731 985 caput
776 912 914 968 ante
961 909 1112 969 alios
1158 913 1331 971 ornet
1374 910 1517 970 licet
1563 911 1689 969 alta
1732 913 2017 987 potestas,

388 997 518 1055 Iam
563 999 810 1057 memini
856 999 1158 1073 quondam
1200 1000 1454 1075 imperio
1501 999 1771 1058 sublimis
1818 1002 1879 1058 et
1925 999 2106 1059 armis

274 1105 362 1146 410
390 1085 771 1162 supplicibus
821 1105 929 1146 sua
975 1088 1108 1147 iura
1153 1086 1290 1148 dedi
1334 1088 1647 1164 facilisque
1693 1091 1911 1166 rogatu

386 1174 545 1234 Ante
592 1178 747 1235 acies
793 1195 1159 1252 quamquam
1202 1179 1414 1238 victor.
1503 1178 1772 1237 Fortuna
1815 1176 2115 1237 modestos

388 1264 533 1324 Esse
580 1265 810 1324 animos
856 1267 1012 1326 vires
1057 1269 1229 1343 regni
1271 1268 1652 1343 tumidosque
1698 1268 1901 1325 ruinas

386 1352 646 1413 Edocuit
689 1356 1053 1432 summisque
1099 1356 1203 1415 diu
1247 1375 1368 1415 11011
1411 1355 1592 1415 fidere
1638 1355 1833 1415 rebus.

474 1443 587 1501 Ille
632 1444 835 1502 tamen
880 1446 1075 1504 victus
1120 1445 1395 1520 precibus
1440 1445 1825 1521 lacrimisque
1870 1448 2184 1523 rogantem

273 1550 358 1592 415
388 1532 727 1591 Romanum
770 1533 1074 1609 implicuit
1121 1533 1330 1593 dextra
1373 1536 1725 1609 monuitque
1770 1536 1965 1594 vereri

387 1620 752 1680 Pontificem.
845 1619 1134 1697 „Gratum
1180 1626 1271 1682 est
1314 1623 1550 1699 patriae
1598 1625 1866 1699 spectare
1912 1625 2239 1699 parentem,

389 1709 500 1769 Oui
543 1711 745 1769 meriti
789 1712 983 1771 virtus
1029 1729 1178 1771 ausa
1222 1715 1314 1772 est
1358 1712 1659 1772 includere
1705 1710 1996 1771 tantum.“

387 1799 550 1877 Ergo
597 1800 666 1857 ut
711 1802 842 1859 erat
887 1801 1116 1878 gemitu
1161 1801 1476 1877 laceroque
1521 1801 1849 1860 inhonorus
1898 1804 2141 1875 amictu,

386 1888 585 1947 Mente
631 1907 841 1967 gerens
889 1908 1059 1949 casus
1105 1892 1416 1967 tristisque
1463 1889 1706 1950 exordia
1750 1891 1901 1950 facti

271 1999 358 2039 420
385 1978 619 2053 Militis,
665 1978 1033 2040 illacrimans
1079 1980 1244 2041 urbis
1288 1980 1627 2040 miserabile
1672 1982 1801 2040 fato

384 2067 544 2126 Ante
589 2071 825 2144 patrem
867 2068 1147 2130 manibus
1193 2070 1445 2146 supplex
1491 2074 1553 2130 et
1594 2070 1826 2146 poplite
1872 2069 2022 2128 flexo

385 2156 566 2215 Haud
610 2156 777 2216 rudis
824 2157 1050 2233 eloquii
1094 2158 1180 2218 sic
1226 2178 1333 2217 ora
1377 2162 1699 2219 trementia
1744 2158 1942 2233 solvit,

386 2245 549 2315 Quae
595 2245 787 2324 magis
816 2247 1070 2325 'indigni
1114 2248 1492 2308 commendat
1537 2251 1735 2326 gratia
1780 2249 2004 2307 luctus:

384 2335 539 2393 Dive
584 2337 784 2396 virum
829 2335 1095 2412 Nicolae‚
1141 2338 1383 2413 inopem
1430 2340 1535 2412 qui
1578 2339 1824 2397 numine
1871 2338 2124 2397 Romam

270 2443 356 2484 425
387 2424 605 2494 Quinte
651 2427 758 2485 tuo
805 2426 1059 2500 extolli5,
1105 2427 1308 2485 tantos
1354 2427 1635 2486 miserate
1680 2426 1914 2486 labores

387 2513 563 2573 Solus
611 2515 670 2573 et
719 2516 1001 2591 antiquas
1049 2517 1155 2590 qui
1197 2516 1464 2574 nondum
1509 2516 1762 2591 despicis
1811 2518 1967 2575 artes

383 2602 837 2678 Romanumque
885 2604 1080 2678 decus,
1127 2603 1337 2683 Stigiis
1385 2605 1456 2663 de
1501 2605 1739 2665 sedibus
1783 2623 1937 2663 unus

381 2690 580 2751 Ausus
627 2710 735 2770 ego
783 2691 861 2751 ad
906 2711 1151 2768 superos
1196 2696 1403 2753 vastae
1447 2693 1684 2753 telluris
1728 2694 1902 2753 hiatu

382 2781 699 2857 Rumpere.
792 2781 1100 2858 Scipiades
1147 2782 1353 2841 eadem
1398 2801 1506 2843 nos
1554 2802 1696 2844 cura
1740 2785 2010 2858 repostos

267 2890 355 2931 480
382 2869 562 2929 Urbis
607 2868 809 2945 habet,
857 2870 1159 2946 quondam
1202 2871 1400 2930 tenuit
1446 2891 1598 2947 quae
1643 2872 1708 2931 in
1751 2875 2026 2948 tempora
2070 2872 2250 2931 vitae.

381 2959 743 3018 Iamdudum
786 2960 1098 3019 infremuit
1142 2960 1405 3020 tumidos
1454 2961 1524 3020 de
1570 2961 1743 3036 plebe
1788 2960 2036 3021 rebelles

383 3048 610 3108 Rumor
656 3049 817 3125 apud
860 3067 1067 3108 manes
1113 3051 1350 3125 patriae
1395 3050 1719 3110 insaevisse
1765 3050 2004 3126 parenti

381 3137 465 3196 Et
508 3138 767 3198 violasse
814 3156 1067 3198 sacrum.
1158 3137 1492 3199 Poenorum
1540 3140 1736 3214 qualis
1783 3139 1860 3198 ab
1908 3141 2090 3199 armis

384 3226 732 3302 Tempestas
766 3227 930 3286 mihi
973 3229 1104 3288 visa
1151 3228 1386 3288 iterum.
1479 3228 1580 3288 Sic
1624 3230 1820 3288 infera
1863 3247 2098 3306 pugnas

267 3334 354 3375 435
383 3315 680 3375 Extimuit
724 3316 996 3376 Romana
1042 3318 1229 3377 acies:
1275 3337 1383 3378 1108
1429 3318 1588 3377 00118
1634 3319 1950 3396 gigantum

384 3403 756 3464 Credidimus
801 3406 1022 3482 trepidi
1067 3406 1165 3466 vel
1207 3407 1400 3467 hiulci
1442 3407 1712 3467 fulminis
1758 3410 1880 3466 iras

383 3490 473 3552 Ob
521 3495 810 3554 scelerum
856 3513 1078 3571 poenas
1124 3496 1399 3571 irataque
1443 3498 1692 3555 numina
1737 3499 1921 3576 genti.

381 3581 497 3641 Hei
540 3584 647 3643 ubi
689 3586 889 3660 prisca
933 3585 1104 3645 fides!
1150 3588 1323 3646 tanto
1371 3604 1476 3646 cur
1519 3584 1757 3644 turbine
1802 3588 2055 3647 miscent
