2650 3925
393 171 477 235 10
1368 171 1421 224 11

388 321 688 382 Caeruleis
733 322 1038 399 stringunt
1083 323 1306 382 circum
1351 322 1480 381 fera
1523 324 1769 398 pectora
1814 320 2003 394 nodie,

384 410 640 471 Orbibus
685 410 993 487 implicitis
1039 412 1453 488 glomerantur
1494 413 1560 469 in
1606 429 1710 469 ora
1756 412 2037 470 cerastae.

382 501 520 560 Non
565 502 651 560 sic
694 501 1012 560 ramiferae
1058 501 1285 560 circum
1326 519 1437 561 sua
1481 500 1699 559 robora
1740 501 1895 559 vites

384 589 510 648 Aut
552 589 805 649 hederae
850 589 1165 665 inserpunt
1209 589 1470 649 nodosae
1514 588 1759 649 brachia
1806 606 2072 665 quercus,

274 699 356 740 180
385 677 484 738 Sic
528 680 687 738 iacet
733 681 1039 737 aeternum
1084 679 1312 754 rapidis
1360 679 1621 738 ludibria
1666 678 1879 737 ventis,

381 767 578 828 Natus
625 766 704 826 ad
745 768 895 827 haec
938 766 1207 842 trepidus
1255 768 1551 827 convertit
1595 767 1825 826 lumina
1871 768 2050 842 solus,

382 856 634 917 Pectora
678 875 834 917 nunc
880 874 1189 933 quassanS,
1232 875 1391 916 nunc
1436 856 1652 917 crudus
1696 857 1760 914 in
1807 874 1912 915 ora
1958 855 2230 932 superbit

381 945 714 1025 Unguibus,
757 948 823 1003 in
869 963 1112 1022 superos
1160 964 1332 1006 voces
1378 965 1534 1005 nunc
1580 947 1820 1022 asperat
1861 947 1973 1019 ira,

381 1034 663 1095 Liventes
709 1035 911 1095 oculos
956 1022 1202 1094 tandem
1245 1054 1459 1095 manus
1502 1037 1693 1110 impia
1736 1034 1938 1093 vulsit.

276 1145 355 1186 185
382 1124 640 1183 Proiecit
683 1124 879 1183 lucem
923 1123 988 1182 in
1031 1123 1300 1198 fluvium,
1344 1144 1483 1184 mox
1527 1124 1660 1183 dira
1703 1123 2003 1200 profatur:

381 1213 489 1272 Dii
535 1212 750 1290 quibus
796 1214 969 1272 iratis
1017 1214 1115 1291 egi
1159 1214 1319 1272 mala
1364 1216 1638 1290 tempora
1679 1214 1862 1287 vitae,

383 1303 657 1362 Tartarei
701 1320 905 1362 manes
953 1305 1014 1362 et
1058 1305 1126 1361 tu
1171 1301 1402 1361 Lucina
1445 1303 1686 1380 parenti

383 1391 549 1461 Quae
594 1392 843 1452 miseros
889 1393 1101 1467 partus
1145 1392 1573 1468 intempestiva
1619 1389 1857 1464 dedisti,

382 1480 741 1540 Eumenides
786 1482 1098 1556 omnisque
1144 1480 1361 1540 chorus
1405 1482 1684 1558 lataeque
1731 1479 2009 1538 tenebrae

275 1591 356 1631 ιω
383 1570 760 1629 Infernorum
807 1588 1073 1645 operum,
1118 1571 1280 1629 caeci
1324 1572 1690 1630 miserescite
1734 1570 1892 1628 nati!

384 1657 434 1718 Ο
481 1658 664 1733 furor,
710 1678 746 1718 o
791 1658 1006 1733 rabies,
1051 1660 1211 1735 rapti
1256 1660 1420 1718 mala
1464 1660 1595 1718 fata
1638 1659 1934 1735 parentis!

381 1749 505 1807 Vos
551 1749 766 1808 saltem
812 1747 1095 1823 obtestor,
1142 1747 1326 1806 simili
1370 1768 1465 1807 me
1513 1748 1767 1826 affligite
1813 1765 1973 1819 casu,

386 1835 668 1896 Crudeles
716 1837 866 1895 divi!
913 1838 1129 1896 misero
1175 1856 1283 1912 per
1327 1838 1569 1915 singula
1612 1838 1804 1895 letum

382 1926 745 2003 hpendunt
789 1926 941 1986 mihi
984 1925 1114 1986 fata
1159 1926 1411 1986 malum:
1459 1927 1555 1987 vel
1603 1924 1889 1986 Cerberus
1936 1942 2072 1985 ossa

276 2038 355 2078 195
386 2015 671 2077 Conterat
717 2019 781 2075 et
824 2016 943 2074 diri
985 2016 1217 2075 lanient
1261 2035 1395 2074 mea
1439 2016 1707 2076 membra
1753 2015 1996 2076 colubri.

383 2106 519 2165 Heu
565 2104 752 2180 dolor,
799 2108 938 2164 ante
985 2123 1172 2165 annos
1217 2106 1535 2165 inhonesta
1579 2108 1771 2165 morte
1815 2105 2023 2181 peregi

381 2194 560 2254 Lucis
605 2197 749 2254 iter:
793 2194 1003 2272 iugulo
1047 2195 1212 2270 patri
1257 2213 1453 2254 comes
1500 2196 1627 2271 ipse
1671 2194 1944 2270 pependi.

387 2283 507 2343 Cur
550 2285 722 2343 vetor
766 2283 975 2343 infelix
1019 2285 1222 2361 nigras
1270 2302 1465 2344 comes
1510 2286 1597 2342 ire
1643 2303 1751 2359 per
1794 2280 2080 2343 umbras?

382 2373 710 2450 Intercepit
756 2373 917 2431 enim
964 2390 1198 2450 gressus
1244 2392 1354 2448 per
1397 2372 1647 2431 fiumina
1692 2390 1881 2432 casus.

276 2483 356 2523 200
387 2460 485 2521 Sic
531 2463 694 2521 ferus
740 2461 1020 2522 obscuras
1065 2460 1210 2520 diris
1257 2461 1592 2521 ululatibus
1637 2479 1816 2522 auras
1879 2454 1884 2457 ’

383 2550 662 2628 Perculit,
706 2552 905 2610 invisa
950 2549 1135 2610 donec
1179 2549 1484 2611 descendit
1529 2550 1603 2610 ab
1649 2549 1825 2610 unda.

382 2639 566 2699 Illum
609 2640 751 2699 flere
795 2642 966 2699 vetat
1008 2639 1180 2699 miles
1226 2640 1504 2700 turbatus
1551 2643 1612 2700 et
1655 2642 1786 2717 ipse

382 2729 613 2807 Ingerit
655 2731 720 2787 in
766 2747 1028 2805 superos.
1118 2728 1307 2788 Novit
1351 2729 1513 2789 mala
1556 2730 1688 2788 fata
1734 2729 1953 2804 diuque

382 2818 608 2878 Haeret
653 2822 714 2877 et
757 2818 850 2877 his
896 2819 1140 2896 gravius
1184 2821 1395 2893 poenis
1440 2819 1724 2878 meruisse
1769 2819 2010 2877 fatetur.

158 2952 167 2979 ‚
276 2927 355 2967 sos
383 2907 660 2983 Expositi
705 2907 783 2966 ad
826 2907 1023 2984 ripam
1066 2906 1321 2966 tendunt
1365 2926 1475 2984 per
1518 2925 1723 2983 opaca.
1812 2906 2109 2982 Nepotem

384 2996 572 3055 Fallit
614 2998 733 3054 iter
777 3014 1045 3056 caecum:
1090 2995 1437 3071 imprudens
1481 3015 1589 3072 per
1633 2996 1808 3056 devia
1854 2995 2024 3054 callis

383 3085 620 3161 Incidit,
664 3084 1026 3145 horrendum
1071 3084 1301 3144 latrans
1347 3085 1451 3144 ubi
1498 3084 1784 3145 Cerberus
1828 3084 2072 3143 umbras

386 3174 670 3235 Devorat.
761 3174 876 3234 Hic
920 3176 1199 3234 iuvenem
1244 3175 1479 3253 quassis
1525 3194 1632 3251 per
1675 3174 1831 3234 colla
1876 3173 2138 3234 colubris

383 3264 458 3323 In
502 3263 660 3323 nodo
707 3266 1017 3339 arreptum
1059 3262 1311 3338 pedibus
1358 3265 1536 3323 simul
1581 3263 1854 3339 implicat
1898 3263 2082 3322 uncis,

277 3373 358 3414 21⁰
387 3351 524 3412 Stat
567 3352 1110 3428 superincumbens,
1155 3351 1383 3412 laceros
1406 3355 1684 3411 -rimatur
1724 3354 1791 3410 in
1837 3355 2005 3410 artus

385 3442 633 3502 Viscera
680 3444 742 3501 et
783 3443 1097 3502 haerentes
1143 3441 1369 3501 circum
1413 3441 1763 3518 praecordia
1806 3441 2003 3516 fibrae,

384 3531 718 3591 Luxurians
764 3551 924 3592 nunc
968 3531 1103 3605 huc,
1146 3550 1305 3590 nunc
1350 3550 1457 3591 ora
1499 3532 1807 3606 retorquet
1852 3533 1913 3588 et
1955 3529 2119 3605 illuc,
2219 3562 2222 3565 ·
