2650 3925
387 199 476 262 54
1377 197 1429 251 X

385 348 459 408 In
505 351 687 425 caput
732 367 898 407 arma
942 352 1115 407 tuum
1157 347 1358 408 moliti
1402 351 1464 424 et
1510 350 1717 410 foedus
1764 352 1827 425 et
1871 352 2024 409 iram
2067 406 2106 419 ,,

386 438 694 515 Regnator
740 436 1005 498 Siculum
1048 437 1413 514 Venetique:
1458 435 1525 512 in
1568 421 1808 499 turbine
1852 457 2051 510 rerum

307 548 358 588 25
387 527 496 586 Vis
546 519 813 608 (inopem
860 545 1226 603 quamquam
1271 519 1507 609 auxilii)
1555 547 1676 601 ιιοιι
1719 528 1946 600 terruit
1972 527 2123 599 ulla.
2143 569 2174 596 q>
2239 517 2245 522 ⁴

388 615 547 685 Quin
595 634 741 675 auro
788 618 970 691 atque
1016 615 1228 691 opibus
1272 615 1522 677 fidentes
1568 617 1850 692 fortibus·
1852 616 2052 689 armis

390 704 581 781 Saepe
625 706 941 764 renitentis
986 705 1247 764 Venetos
1293 687 1372 763 ad
1416 683 1659 765 foedera
1704 686 1891 767 duxti.

386 793 747 854 Hanibalem
790 794 1014 853 totiens
1058 795 1287 853 victum
1332 793 1747 871 Picininiaque
1792 813 1960 854 arma

388 883 667 943 Vidimus
715 884 776 942 et
820 881 1029 941 mediis
1074 883 1348 943 Veronae
1394 884 1700 943 moenibus
1749 885 1892 943 olim

309 992 363 1033 so
391 973 686 1046 Eiectum,
732 990 869 1030 cum
913 974 1008 1032 tot
1053 972 1256 1049 galeas
1305 974 1366 1031 et
1411 975 1581 1032 scuta
1625 972 1902 1049 virosque

390 1061 701 1121 Fluctibus
746 1061 1058 1121 involvens
1103 1060 1348 1121 Athesis
1394 1081 1557 1122 mare
1602 1062 1842 1122 decolor
1884 1063 2091 1121 intras.

390 1150 546 1220 Quid
592 1170 768 1227 super
812 1150 1115 1211 Ausonias
1162 1151 1318 1210 acies
1367 1155 1474 1210 aut
1518 1151 1740 1228 oppida
1786 1152 1983 1211 victor
2030 1215 2034 1220 ,
2119 1195 2126 1201 .

389 1239 664 1300 Edideris
710 1242 1040 1300 memorent
1084 1239 1208 1314 alii,
1256 1221 1472 1315 quibus
1519 1243 1752 1300 auxeris
1799 1241 1980 1299 armis

391 1329 542 1387 Rem
585 1329 899 1404 Venetam,
944 1329 1196 1405 populos
1244 1332 1393 1404 quot
1438 1329 1563 1389 sub
1579 1328 1854 1390 dicione
1865 1328 2107 1389 dedisti.
2224 1370 2230 1376 -

312 1438 363 1478 ³5
395 1417 461 1476 Si
507 1417 684 1478 decus
730 1417 1030 1479 Ausoniae
1076 1418 1172 1478 vel
1218 1418 1552 1521 relligionis
1596 1418 1884 1478 honorem

310 1547 315 1550 -
392 1506 680 1583 Respicis,
728 1509 1034 1566 aeternum
1079 1526 1298 1567 numen
1344 1508 1398 1566 si
1440 1509 1695 1584 virginis
1741 1504 1879 1567 alvo

318 1644 322 1648 ⁴
392 1595 631 1654 Includi
674 1596 820 1655 reris
866 1596 1128 1657 voluisse
1174 1599 1236 1656 et
1281 1615 1528 1672 corpore
1553 1597 1747 1675 ·fungi

393 1685 658 1759 Mortali‚
704 1703 839 1743 cum
883 1684 972 1743 nil
1015 1686 1082 1744 in
1127 1703 1189 1745 se
1234 1686 1489 1745 mortale
1534 1686 1762 1761 fuisset,

396 1774 772 1851 Supplicium
817 1773 893 1833 ob
939 1792 1155 1833 noxam
1199 1775 1381 1851 primi
1428 1774 1680 1834 subiisse
1725 1775 2012 1851 parentiS,

312 1884 367 1923 40
395 1862 567 1922 Aude
614 1864 800 1921 animi
844 1862 1031 1923 fidens
1078 1882 1195 1939 quo
1241 1865 1303 1923 te
1348 1867 1527 1924 vocat
1571 1862 1761 1923 ardua
1806 1864 2024 1923 virtus!

397 1952 632 2012 Sentiat
675 1953 778 2012 ille
826 1953 983 2013 acies
1031 1955 1093 2012 et
1139 1972 1290 2056 quae
1337 1952 1453 2013 tibi
1499 1954 1752 2013 fulmina
1798 1953 2036 2014 Mavors

398 2042 697 2121 Suggerit‚
743 2044 804 2102 et
849 2046 1109 2118 quantus
1156 2044 1238 2102 sis
1285 2041 1658 2119 experiatur
1671 2044 1736 2101 ιιι
1782 2044 2004 2102 armis

398 2130 491 2189 Sit
535 2131 705 2190 labor
747 2131 1024 2207 inprimis
1069 2131 1258 2191 Italas
1305 2128 1645 2210 adiungere
1673 2134 1856 2207 vix-083

396 2220 530 2278 Huc
575 2219 839 2280 studium
885 2223 1162 2280 converte
1210 2239 1561 2297 omnemque
1605 2222 1721 2280 huc
1767 2219 1957 2299 dirige
2004 2224 2279 2280 mentem.

315 2329 367 2368 45
398 2309 579 2370 Dives
627 2327 807 2385 opum
851 2312 1155 2369 variarum
1201 2312 1728 2370 armentosissima·
1756 2310 1936 2369 tellus

396 2398 643 2458 Auxilia
687 2418 855 2458 arma
901 2402 961 2459 et
1007 2417 1147 2475 opes
1195 2418 1407 2458 aurum
1450 2399 1768 2478 frugesque
1813 2388 2091 2475 virosque

397 2487 578 2547 Italia
622 2487 876 2547 undanti
921 2488 1131 2548 fundet
1175 2489 1576 2564 pulcherrima
1622 2504 1823 2548 cornu.
1889 2501 1893 2505 ⁴

398 2577 535 2638 Non
582 2596 730 2652 opus
778 2576 1035 2637 externis
1079 2577 1224 2636 belli
1264 2596 1381 2654 pro
1426 2578 1665 2637 nomine
1711 2575 1928 2638 vix-esi·

401 2666 719 2725 Sufficiunt
762 2666 974 2740 Italae,
1020 2666 1195 2727 modo
1241 2669 1296 2727 si
1341 2668 1719 2727 cumulentur
1762 2666 1823 2725 in
1870 2685 2074 2740 unum,

319 2775 371 2815 50
399 2756 613 2816 Tutari
656 2755 987 2814 Ausoniam
1034 2757 1095 2813 et
1138 2758 1444 2816 venientes
1490 2757 1711 2833 pellere
1758 2755 2043 2830 Turchos,

399 2844 558 2914 Quin
600 2844 811 2905 Asiam
857 2846 1038 2921 atque
1084 2846 1280 2905 oriens
1323 2845 1545 2905 iterum
1590 2863 1700 2906 sua
1746 2844 1856 2903 sub
1901 2846 2047 2922 iuga
2092 2846 2356 2904 mittant.

400 2934 614 3012 Delige
657 2936 1030 3010 praestantes
1075 2935 1300 2993 virtute
1347 2937 1409 2993 et
1453 2934 1678 2994 viribus
1726 2951 1928 2993 annos.

400 3024 645 3083 Assueti
687 3022 844 3082 bello
889 3022 1166 3085 Insubres
1211 3023 1350 3084 Boii
1393 3023 1780 3102 Lyguresque

401 3113 634 3190 Agmen
682 3114 868 3190 agant
912 3114 1185 3189 equitum
1231 3117 1446 3173 coeant
1487 3113 1667 3174 simul
1712 3104 1978 3188 undique
2023 3115 2228 3191 gentes

320 3221 372 3261 ιε
404 3200 773 3260 Sfortiadum
817 3203 1327 3280 anguigerumque
1374 3205 1436 3262 et
1481 3203 1732 3263 ventilet
1777 3203 1990 3281 anguis
2036 3203 2100 3260 in
2146 3219 2340 3274 auraS,

400 3291 651 3350 Eminus
696 3293 943 3350 auratae
987 3291 1225 3351 radient
1270 3292 1613 3352 diademata
1657 3292 1890 3351 frontis

400 3378 648 3440 Adriaci
693 3378 771 3439 ad
814 3380 961 3439 litus
1004 3379 1216 3440 mediis
1263 3400 1443 3458 super
1488 3380 1764 3456 aequoris
1807 3378 1985 3440 undis

545 3573 615 3622 34
653 3567 757 3623 sub
795 3567 1009 3623 ditione
1047 3567 1207 3624 dedit
1233 3570 1252 3639 ΙΙ
1279 3574 1346 3624 51
1387 3569 1616 3624 mittent

2398 362 2502 403 :5⁹

2403 541 2501 580 ¹61

2451 629 2503 687 §8

2452 897 2504 936 65

2452 1075 2504 1114 6⁰1

2454 1253 2505 1292 69

2394 1312 2404 1347 ζ
2454 1342 2507 1382 ῗο

2374 1845 2512 1916 ’.74

2375 1963 2509 2006 ’τι

2385 2048 2510 2094 ’τι
2630 2032 2632 2048 ’

2406 2211 2510 2272 ³³1

2385 2479 2511 2540 ..3⁹

2385 2585 2391 2591 “
2460 2590 2511 2629 Ιῖ

2461 2679 2514 2718 28

2459 2946 2510 2984 41

2462 3213 2514 3255 51

2462 3304 2516 3344 68

2462 3394 2516 3434 ¹15
