2650 3925
499 216 602 271 AD
637 216 822 271 ILLV.
859 216 1257 271 PRINCIPEM
1292 216 1360 271 D.
1397 216 1859 272 FRANGISCVM
1897 216 2144 272 SFORT.
2256 218 2339 282 37

1274 451 1387 517 IV.

445 579 689 642 Oratius
724 581 1098 642 Nichodemo
1125 582 1495 641 felicitatem.
1586 581 1704 641 Hic
1741 584 1833 642 est
1866 584 1972 658 qui
2000 582 2340 642 abstrahere

309 670 554 730 servilio
600 673 972 747 provinciam
1027 673 1089 731 et
1139 670 1394 730 liberam
1447 671 1620 731 nobis
1674 672 1917 730 vivendi
1970 671 2342 731 dulcedinem

307 777 519 835 parere
564 762 778 836 potest.
869 759 1084 836 Itaque
1129 761 1404 819 resistere
1439 760 1533 820 his
1581 760 1884 820 furoribus
1922 762 2037 820 etsi
2079 762 2342 820 maxima

307 847 486 908 laude
522 849 772 927 dignum
808 851 906 924 sit,
933 868 1002 908 eo
1039 851 1233 927 magis
1263 850 1511 909 excitari
1548 850 1739 924 debet,
1777 850 1936 925 quod
1983 851 2035 910 si
2071 849 2340 927 neglexe-

308 937 409 1012 rit,
445 957 566 997 non
600 937 779 998 modo
814 939 1033 1014 reliqui
1079 940 1366 1014 temporis
1413 939 1669 1017 gloriam
1706 940 1875 1015 eripi,
1913 958 2120 998 verum
2157 941 2342 997 etiam

311 1026 426 1085 sibi
498 1029 887 1103 praeteritam
960 1046 1306 1088 evanescere
1380 1030 1552 1087 sinet.
1643 1028 1814 1086 Nihil
1887 1030 2047 1086 enim
2108 1047 2217 1105 per
2281 1047 2341 1087 se

310 1115 500 1174 altum
548 1118 728 1193 atque
772 1116 1151 1195 magnificum
1166 1162 1182 1191 ,
1226 1116 1347 1176 nisi
1392 1118 1554 1192 quod
1599 1119 1865 1176 omnium
1918 1118 2139 1176 iudicio
2185 1119 2341 1176 ratio

309 1205 519 1263 fecerit
564 1206 867 1265 excellens..
960 1205 1186 1264 Verum
1231 1207 1375 1281 quia
1421 1206 1716 1265 neminem
1762 1207 1931 1266 decet
1974 1208 2169 1285 magis
2215 1206 2337 1265 Ita-

310 1293 460 1353 licae
506 1293 805 1354 libertatis
844 1293 1211 1354 defensorem
1250 1313 1377 1354 esse
1415 1294 1513 1354 vel
1551 1295 1742 1372 gloria
1787 1314 1990 1354 rerum
2034 1298 2340 1373 gestarum

309 1383 408 1443 vel
449 1383 760 1457 felicitate,
821 1403 1000 1460 quam
1056 1384 1324 1442 omnium
1370 1385 1717 1443 mortalium
1762 1384 1989 1460 primus
2037 1385 2101 1443 in
2146 1387 2342 1460 potes-

308 1473 436 1531 tate
481 1472 679 1547 habet,
725 1471 821 1532 vel
858 1472 1059 1532 studio
1098 1475 1278 1548 atque
1325 1472 1757 1551 efflagitatione
1804 1473 2085 1548 omnium,
2130 1475 2343 1549 scripsi

307 1560 572 1621 breviter
615 1563 883 1620 carmina
926 1562 1074 1621 haec
1118 1563 1279 1621 tanti
1321 1562 1611 1639 principis
1655 1562 2131 1640 magnitudinem
2189 1563 2343 1623 exci-

307 1651 529 1709 tatura.
632 1649 797 1720 Quae
861 1653 915 1710 si
975 1650 1168 1709 libera
1232 1654 1412 1727 atque
1472 1652 1724 1711 honesta
1785 1651 2173 1726 indicaveris,
2236 1671 2345 1727 per

309 1739 746 1799 humanitatem
781 1743 953 1798 tuam
990 1741 1053 1799 et
1095 1742 1387 1816 principis
1434 1741 1738 1799 fortunam
1787 1758 2005 1817 quaeso
2045 1741 2123 1799 ad
2167 1741 2343 1799 illum

310 1827 607 1887 destinare
672 1848 791 1889 non
864 1831 1158 1906 graveris3
1233 1830 1392 1904 quod
1456 1831 1509 1888 si
1579 1848 1744 1889 secus
1808 1833 1980 1889 tuum
2053 1829 2344 1889 iudicium

307 1918 509 1993 fuerit,
554 1918 652 1978 vel
699 1937 767 1978 ea
815 1918 1136 1979 combures.
1228 1919 1396 1979 Vale.

523 2191 636 2246 Ad
679 2189 841 2247 mu.
889 2190 1270 2260 prinoipem
1315 2191 1383 2246 d.
1429 2191 1871 2247 Franciecum
1920 2191 2125 2247 Sfort.

985 2298 1247 2353 Ducem
1292 2297 1691 2353 Mediolani.

309 2417 463 2476 Dive
509 2420 710 2477 virum
753 2417 1001 2493 lapsura
1044 2418 1220 2477 Italis
1269 2419 1377 2495 qui
1420 2437 1606 2497 regna
1650 2418 1856 2493 tueris,

401 2506 529 2576 Quo
577 2505 723 2567 duce
769 2507 1064 2586 fulgorem
1110 2505 1384 2566 Caesaris
1432 2507 1590 2567 orbis
1635 2507 1835 2582 habet,

309 2595 578 2656 Effluxas
623 2597 858 2672 patriae
902 2614 997 2656 res
1042 2597 1459 2673 maiorumque
1503 2598 1842 2672 triumphos

398 2685 617 2760 Aspice
662 2685 760 2745 vel
803 2684 1114 2763 Lygurum
1161 2686 1356 2763 gloria
1402 2688 1629 2763 quanta
1672 2688 1845 2746 iacet.

254 2793 280 2835 5
309 2774 435 2833 Rex
482 2774 642 2833 ferus
687 2774 947 2834 insultat
988 2774 1167 2834 Latio
1214 2807 1304 2816 —
1350 2794 1532 2850 quam
1578 2775 1813 2834 credere
1859 2775 2073 2834 durum
2126 2807 2201 2816 —

396 2863 634 2924 Ascivit
677 2864 938 2924 Venetos
983 2864 1048 2922 in
1093 2882 1206 2924 sua
1250 2866 1395 2924 vota
1438 2883 1629 2941 pares.

310 2950 360 3012 O
409 2953 598 3012 scelus
645 2953 984 3031 indignum:
1029 2956 1201 3016 tanto
1249 2972 1386 3013 cum
1431 2955 1677 3012 crimine
1723 2953 1930 3014 foedus

397 3042 472 3101 In
518 3045 704 3117 caput
747 3045 840 3101 est
883 3045 1071 3102 ictum
1115 3044 1278 3102 terra
1322 3041 1543 3101 Latina
1588 3044 1778 3101 tuum.

307 3130 490 3190 Alma
534 3132 680 3191 viris
727 3131 990 3207 felixque
1036 3130 1267 3208 opibus,
1314 3133 1416 3190 cui
1460 3133 1715 3209 contigit
1761 3131 1920 3192 orbis

229 3239 282 3279 ιο
397 3214 743 3295 Imperium,
788 3219 917 3279 fieri
960 3220 1216 3280 barbara
1259 3220 1484 3296 praeda
1531 3218 1752 3297 queat?

312 3307 425 3369 Oui
468 3309 712 3368 fortuna
755 3312 957 3384 potest
999 3310 1233 3385 patriae
1277 3308 1617 3368 miseranda
1660 3308 1868 3384 videri,

401 3396 469 3456 Si
512 3401 573 3457 te
616 3417 739 3457 non
783 3400 976 3475 pietas
1024 3397 1098 3457 ad
1143 3398 1248 3476 pia
1291 3397 1451 3458 bella
1495 3398 1734 3459 movet?

312 3485 507 3547 Causa
549 3491 659 3546 tua
703 3491 794 3547 est
836 3491 1094 3562 tantum,
1138 3491 1209 3546 tu
1253 3489 1471 3547 iustius
1515 3486 1717 3548 induis
1764 3506 1956 3562 arma3

398 3576 537 3635 Non
583 3578 699 3636 erit
741 3577 855 3636 hoc
899 3576 1059 3652 belli,
1106 3577 1208 3635 sed
1254 3576 1498 3653 pietatis
1546 3596 1711 3652 opus.
