<?xml version="1.0" encoding="UTF-8"?>
<!DOCTYPE html PUBLIC "-//W3C//DTD XHTML 1.0 Transitional//EN"
    "http://www.w3.org/TR/xhtml1/DTD/xhtml1-transitional.dtd">
<html xmlns="http://www.w3.org/1999/xhtml" xml:lang="en" lang="en">
 <head>
  <title>
</title>
<meta http-equiv="Content-Type" content="text/html;charset=utf-8" />
  <meta name='ocr-system' content='tesseract 3.04.00' />
  <meta name='ocr-capabilities' content='ocr_page ocr_carea ocr_par ocr_line ocrx_word'/>
</head>
<body>
  <div class='ocr_page' id='page_1' title='image "./hporcariaseudec00lehngoog_0096.png"; bbox 0 0 2650 3925; ppageno 0'>
   <div class='ocr_carea' id='block_1_1' title="bbox 312 187 1635 252">
    <p class='ocr_par' dir='ltr' id='par_1_1' title="bbox 312 187 1635 252">
     <span class='ocr_line' id='line_1_1' title="bbox 312 187 1635 252; baseline 0 -10"><span class='ocrx_word' id='word_1_1' title='bbox 312 188 400 252; x_wconf 83' lang='lat'><strong>74</strong></span> <span class='ocrx_word' id='word_1_2' title='bbox 1029 188 1249 243; x_wconf 83' lang='lat' dir='ltr'>PETRI</span> <span class='ocrx_word' id='word_1_3' title='bbox 1282 187 1382 242; x_wconf 80' lang='lat' dir='ltr'><strong>DE</strong></span> <span class='ocrx_word' id='word_1_4' title='bbox 1419 187 1635 243; x_wconf 86' lang='lat' dir='ltr'><strong>GODIS</strong></span> 
     </span>
    </p>
   </div>
   <div class='ocr_carea' id='block_1_2' title="bbox 231 337 2350 2467">
    <p class='ocr_par' dir='ltr' id='par_1_2' title="bbox 231 337 2350 2467">
     <span class='ocr_line' id='line_1_2' title="bbox 309 337 2349 417; baseline 0 -18"><span class='ocrx_word' id='word_1_5' title='bbox 309 339 579 399; x_wconf 90' lang='lat' dir='ltr'><strong>rentibus</strong></span> <span class='ocrx_word' id='word_1_6' title='bbox 608 338 841 399; x_wconf 88' lang='lat' dir='ltr'><strong>casibus</strong></span> <span class='ocrx_word' id='word_1_7' title='bbox 878 340 1362 417; x_wconf 71' lang='lat' dir='ltr'><strong>superioritatem</strong></span> <span class='ocrx_word' id='word_1_8' title='bbox 1388 341 1583 416; x_wconf 89' lang='lat' dir='ltr'><strong>ipsam</strong></span> <span class='ocrx_word' id='word_1_9' title='bbox 1628 339 2118 400; x_wconf 64' lang='lat' dir='ltr'><strong>demonstrantes</strong></span> <span class='ocrx_word' id='word_1_10' title='bbox 2194 337 2349 399; x_wconf 84' lang='lat' dir='ltr'><strong>Gon-</strong></span> 
     </span>
     <span class='ocr_line' id='line_1_3' title="bbox 309 428 2349 506; baseline 0 -19"><span class='ocrx_word' id='word_1_11' title='bbox 309 428 588 487; x_wconf 90' lang='lat' dir='ltr'><strong>fiteamur</strong></span> <span class='ocrx_word' id='word_1_12' title='bbox 629 428 834 504; x_wconf 89' lang='lat' dir='ltr'><strong>itaque</strong></span> <span class='ocrx_word' id='word_1_13' title='bbox 879 447 1101 506; x_wconf 88' lang='lat' dir='ltr'><strong>papam</strong></span> <span class='ocrx_word' id='word_1_14' title='bbox 1145 432 1437 505; x_wconf 77' lang='lat' dir='ltr'><strong>tanquam</strong></span> <span class='ocrx_word' id='word_1_15' title='bbox 1482 447 1884 488; x_wconf 81' lang='lat' dir='ltr'><strong>successorem</strong></span> <span class='ocrx_word' id='word_1_16' title='bbox 1912 428 2079 488; x_wconf 90' lang='lat' dir='ltr'><strong>Petri</strong></span> <span class='ocrx_word' id='word_1_17' title='bbox 2126 432 2189 488; x_wconf 89' lang='lat' dir='ltr'><strong>et</strong></span> <span class='ocrx_word' id='word_1_18' title='bbox 2223 448 2349 488; x_wconf 87' lang='lat' dir='ltr'><strong>non</strong></span> 
     </span>
     <span class='ocr_line' id='line_1_4' title="bbox 313 517 2348 595; baseline 0.001 -19"><span class='ocrx_word' id='word_1_19' title='bbox 313 519 499 576; x_wconf 88' lang='lat' dir='ltr'><strong>alium</strong></span> <span class='ocrx_word' id='word_1_20' title='bbox 543 536 672 577; x_wconf 91' lang='lat' dir='ltr'><strong>esse</strong></span> <span class='ocrx_word' id='word_1_21' title='bbox 731 517 1040 577; x_wconf 91' lang='lat' dir='ltr'><strong>dominum</strong></span> <span class='ocrx_word' id='word_1_22' title='bbox 1092 517 1304 577; x_wconf 88' lang='lat' dir='ltr'><strong>mundi</strong></span> <span class='ocrx_word' id='word_1_23' title='bbox 1347 520 1414 577; x_wconf 91' lang='lat' dir='ltr'><strong>in</strong></span> <span class='ocrx_word' id='word_1_24' title='bbox 1468 518 1884 594; x_wconf 81' lang='lat' dir='ltr'><strong>spiritualibus</strong></span> <span class='ocrx_word' id='word_1_25' title='bbox 1930 520 1993 577; x_wconf 88' lang='lat' dir='ltr'><strong>et</strong></span> <span class='ocrx_word' id='word_1_26' title='bbox 2044 522 2348 595; x_wconf 88' lang='lat' dir='ltr'><strong>tempora-</strong></span> 
     </span>
     <span class='ocr_line' id='line_1_5' title="bbox 310 607 2349 687; baseline 0.001 -23"><span class='ocrx_word' id='word_1_27' title='bbox 310 607 466 667; x_wconf 88' lang='lat' dir='ltr'><strong>libus</strong></span> <span class='ocrx_word' id='word_1_28' title='bbox 540 607 831 666; x_wconf 88' lang='lat' dir='ltr'><strong>directum</strong></span> <span class='ocrx_word' id='word_1_29' title='bbox 904 609 966 666; x_wconf 87' lang='lat' dir='ltr'><strong>et</strong></span> <span class='ocrx_word' id='word_1_30' title='bbox 1036 608 1376 684; x_wconf 76' lang='lat' dir='ltr'><strong>generalem</strong></span> <span class='ocrx_word' id='word_1_31' title='bbox 1445 610 1507 667; x_wconf 92' lang='lat' dir='ltr'><strong>et</strong></span> <span class='ocrx_word' id='word_1_32' title='bbox 1577 627 1776 685; x_wconf 88' lang='lat' dir='ltr'><strong>regem</strong></span> <span class='ocrx_word' id='word_1_33' title='bbox 1847 627 2056 687; x_wconf 89' lang='lat' dir='ltr'><strong>regum</strong></span> <span class='ocrx_word' id='word_1_34' title='bbox 2127 610 2349 682; x_wconf 88' lang='lat' dir='ltr'><strong>terrae,</strong></span> 
     </span>
     <span class='ocr_line' id='line_1_6' title="bbox 258 696 2350 775; baseline -0.001 -17"><span class='ocrx_word' id='word_1_35' title='bbox 258 718 281 758; x_wconf 85' lang='lat'><strong>5</strong></span> <span class='ocrx_word' id='word_1_36' title='bbox 309 696 622 772; x_wconf 89' lang='lat' dir='ltr'><strong>ipsumque</strong></span> <span class='ocrx_word' id='word_1_37' title='bbox 693 716 942 773; x_wconf 90' lang='lat' dir='ltr'><strong>regnum</strong></span> <span class='ocrx_word' id='word_1_38' title='bbox 1016 714 1191 755; x_wconf 89' lang='lat' dir='ltr'><strong>suum</strong></span> <span class='ocrx_word' id='word_1_39' title='bbox 1252 697 1318 755; x_wconf 90' lang='lat' dir='ltr'><strong>in</strong></span> <span class='ocrx_word' id='word_1_40' title='bbox 1389 696 1820 772; x_wconf 84' lang='lat' dir='ltr'><strong>temporalibus</strong></span> <span class='ocrx_word' id='word_1_41' title='bbox 1883 716 1990 773; x_wconf 90' lang='lat' dir='ltr'><strong>per</strong></span> <span class='ocrx_word' id='word_1_42' title='bbox 2059 716 2229 775; x_wconf 88' lang='lat' dir='ltr'><strong>reges</strong></span> <span class='ocrx_word' id='word_1_43' title='bbox 2284 700 2350 756; x_wconf 88' lang='lat' dir='ltr'><strong>et</strong></span> 
     </span>
     <span class='ocr_line' id='line_1_7' title="bbox 310 785 2347 865; baseline 0.001 -22"><span class='ocrx_word' id='word_1_44' title='bbox 310 786 611 861; x_wconf 78' lang='lat' dir='ltr'><strong>principes</strong></span> <span class='ocrx_word' id='word_1_45' title='bbox 649 803 720 844; x_wconf 93' lang='lat' dir='ltr'><strong>ac</strong></span> <span class='ocrx_word' id='word_1_46' title='bbox 757 786 907 845; x_wconf 90' lang='lat' dir='ltr'><strong>alios</strong></span> <span class='ocrx_word' id='word_1_47' title='bbox 946 787 1131 845; x_wconf 89' lang='lat' dir='ltr'><strong>etiam</strong></span> <span class='ocrx_word' id='word_1_48' title='bbox 1176 785 1480 860; x_wconf 86' lang='lat' dir='ltr'><strong>officiales,</strong></span> <span class='ocrx_word' id='word_1_49' title='bbox 1523 787 1873 861; x_wconf 77' lang='lat' dir='ltr'><strong>potestateS,</strong></span> <span class='ocrx_word' id='word_1_50' title='bbox 1919 785 2347 865; x_wconf 82' lang='lat' dir='ltr'><strong>gubernatores</strong></span> 
     </span>
     <span class='ocr_line' id='line_1_8' title="bbox 310 874 2349 952; baseline 0.001 -21"><span class='ocrx_word' id='word_1_51' title='bbox 310 893 513 952; x_wconf 89' lang='lat' dir='ltr'><strong>regere</strong></span> <span class='ocrx_word' id='word_1_52' title='bbox 559 893 730 951; x_wconf 86' lang='lat' dir='ltr'><strong>posse</strong></span> <span class='ocrx_word' id='word_1_53' title='bbox 778 876 839 933; x_wconf 91' lang='lat' dir='ltr'><strong>et</strong></span> <span class='ocrx_word' id='word_1_54' title='bbox 887 893 1091 952; x_wconf 88' lang='lat' dir='ltr'><strong>regere</strong></span> <span class='ocrx_word' id='word_1_55' title='bbox 1138 877 1312 934; x_wconf 91' lang='lat' dir='ltr'><strong>certe.</strong></span> <span class='ocrx_word' id='word_1_56' title='bbox 1402 874 1562 934; x_wconf 86' lang='lat' dir='ltr'><strong>Nam</strong></span> <span class='ocrx_word' id='word_1_57' title='bbox 1618 877 1723 951; x_wconf 91' lang='lat' dir='ltr'><strong>qui</strong></span> <span class='ocrx_word' id='word_1_58' title='bbox 1775 894 1884 951; x_wconf 89' lang='lat' dir='ltr'><strong>per</strong></span> <span class='ocrx_word' id='word_1_59' title='bbox 1938 875 2126 933; x_wconf 90' lang='lat' dir='ltr'><strong>alium</strong></span> <span class='ocrx_word' id='word_1_60' title='bbox 2180 875 2349 950; x_wconf 87' lang='lat' dir='ltr'><strong>facit,</strong></span> 
     </span>
     <span class='ocr_line' id='line_1_9' title="bbox 309 963 2349 1040; baseline 0 -18"><span class='ocrx_word' id='word_1_61' title='bbox 309 982 422 1040; x_wconf 86' lang='lat' dir='ltr'><strong>per</strong></span> <span class='ocrx_word' id='word_1_62' title='bbox 463 981 525 1022; x_wconf 88' lang='lat' dir='ltr'><strong>se</strong></span> <span class='ocrx_word' id='word_1_63' title='bbox 577 965 774 1039; x_wconf 90' lang='lat' dir='ltr'><strong>ipsum</strong></span> <span class='ocrx_word' id='word_1_64' title='bbox 839 964 1034 1022; x_wconf 88' lang='lat' dir='ltr'><strong>facere</strong></span> <span class='ocrx_word' id='word_1_65' title='bbox 1098 963 1352 1024; x_wconf 82' lang='lat' dir='ltr'><strong>videtur.</strong></span> <span class='ocrx_word' id='word_1_66' title='bbox 1442 963 1532 1022; x_wconf 92' lang='lat' dir='ltr'><strong>Ac</strong></span> <span class='ocrx_word' id='word_1_67' title='bbox 1596 963 1637 1021; x_wconf 86' lang='lat' dir='ltr'><strong>J</strong></span> <span class='ocrx_word' id='word_1_68' title='bbox 1638 964 1898 1024; x_wconf 89' lang='lat' dir='ltr'><strong>ohannes</strong></span> <span class='ocrx_word' id='word_1_69' title='bbox 1961 983 2123 1040; x_wconf 91' lang='lat' dir='ltr'><strong>papa</strong></span> <span class='ocrx_word' id='word_1_70' title='bbox 2171 964 2349 1023; x_wconf 88' lang='lat' dir='ltr'>XXII</span> 
     </span>
     <span class='ocr_line' id='line_1_10' title="bbox 311 1051 2348 1129; baseline -0 -17"><span class='ocrx_word' id='word_1_71' title='bbox 311 1071 373 1112; x_wconf 89' lang='lat' dir='ltr'><strong>se</strong></span> <span class='ocrx_word' id='word_1_72' title='bbox 420 1051 729 1111; x_wconf 86' lang='lat' dir='ltr'><strong>dominum</strong></span> <span class='ocrx_word' id='word_1_73' title='bbox 771 1054 962 1112; x_wconf 90' lang='lat' dir='ltr'><strong>totius</strong></span> <span class='ocrx_word' id='word_1_74' title='bbox 1009 1053 1217 1111; x_wconf 92' lang='lat' dir='ltr'><strong>mundi</strong></span> <span class='ocrx_word' id='word_1_75' title='bbox 1258 1072 1368 1129; x_wconf 91' lang='lat' dir='ltr'><strong>pro</strong></span> <span class='ocrx_word' id='word_1_76' title='bbox 1407 1054 1567 1112; x_wconf 88' lang='lat' dir='ltr'><strong>certo</strong></span> <span class='ocrx_word' id='word_1_77' title='bbox 1604 1055 1813 1113; x_wconf 89' lang='lat' dir='ltr'><strong>tenens</strong></span> <span class='ocrx_word' id='word_1_78' title='bbox 1850 1071 1888 1112; x_wconf 90' lang='lat' dir='ltr'><strong>a</strong></span> <span class='ocrx_word' id='word_1_79' title='bbox 1933 1052 2348 1113; x_wconf 87' lang='lat' dir='ltr'><strong>iurisdictione</strong></span> 
     </span>
     <span class='ocr_line' id='line_1_11' title="bbox 231 1141 2347 1218; baseline -0.001 -16"><span class='ocrx_word' id='word_1_80' title='bbox 231 1164 284 1203; x_wconf 86' lang='lat'><strong>10</strong></span> <span class='ocrx_word' id='word_1_81' title='bbox 311 1142 551 1217; x_wconf 88' lang='lat' dir='ltr'><strong>imperii</strong></span> <span class='ocrx_word' id='word_1_82' title='bbox 602 1141 850 1200; x_wconf 88' lang='lat' dir='ltr'><strong>Italiam</strong></span> <span class='ocrx_word' id='word_1_83' title='bbox 901 1144 1281 1218; x_wconf 78' lang='lat' dir='ltr'><strong>magnanime</strong></span> <span class='ocrx_word' id='word_1_84' title='bbox 1338 1141 1581 1210; x_wconf 83' lang='lat' dir='ltr'><strong>exemit,</strong></span> <span class='ocrx_word' id='word_1_85' title='bbox 1638 1144 1700 1201; x_wconf 91' lang='lat' dir='ltr'><strong>et</strong></span> <span class='ocrx_word' id='word_1_86' title='bbox 1754 1142 2037 1201; x_wconf 83' lang='lat' dir='ltr'><strong>catholici</strong></span> <span class='ocrx_word' id='word_1_87' title='bbox 2090 1142 2347 1218; x_wconf 87' lang='lat' dir='ltr'><strong>impera-</strong></span> 
     </span>
     <span class='ocr_line' id='line_1_12' title="bbox 310 1230 2348 1308; baseline 0 -18"><span class='ocrx_word' id='word_1_88' title='bbox 310 1234 472 1290; x_wconf 88' lang='lat' dir='ltr'><strong>tores</strong></span> <span class='ocrx_word' id='word_1_89' title='bbox 537 1249 642 1290; x_wconf 90' lang='lat' dir='ltr'><strong>seu</strong></span> <span class='ocrx_word' id='word_1_90' title='bbox 711 1250 880 1308; x_wconf 87' lang='lat' dir='ltr'><strong>reges</strong></span> <span class='ocrx_word' id='word_1_91' title='bbox 943 1230 1348 1290; x_wconf 87' lang='lat' dir='ltr'><strong>Romanorum</strong></span> <span class='ocrx_word' id='word_1_92' title='bbox 1418 1230 1579 1290; x_wconf 91' lang='lat' dir='ltr'><strong>idem</strong></span> <span class='ocrx_word' id='word_1_93' title='bbox 1648 1234 1920 1291; x_wconf 89' lang='lat' dir='ltr'><strong>tenentes</strong></span> <span class='ocrx_word' id='word_1_94' title='bbox 1992 1231 2348 1291; x_wconf 87' lang='lat' dir='ltr'><strong>fidelitatem</strong></span> 
     </span>
     <span class='ocr_line' id='line_1_13' title="bbox 313 1319 2347 1396; baseline 0.001 -19"><span class='ocrx_word' id='word_1_95' title='bbox 313 1320 596 1379; x_wconf 88' lang='lat' dir='ltr'><strong>ecclesiae</strong></span> <span class='ocrx_word' id='word_1_96' title='bbox 640 1319 945 1379; x_wconf 88' lang='lat' dir='ltr'><strong>Romanae</strong></span> <span class='ocrx_word' id='word_1_97' title='bbox 992 1322 1053 1379; x_wconf 90' lang='lat' dir='ltr'><strong>et</strong></span> <span class='ocrx_word' id='word_1_98' title='bbox 1099 1322 1345 1380; x_wconf 86' lang='lat' dir='ltr'><strong>summis</strong></span> <span class='ocrx_word' id='word_1_99' title='bbox 1390 1320 1771 1396; x_wconf 88' lang='lat' dir='ltr'><strong>pontificibus</strong></span> <span class='ocrx_word' id='word_1_100' title='bbox 1827 1322 2131 1396; x_wconf 90' lang='lat' dir='ltr'><strong>hucusque</strong></span> <span class='ocrx_word' id='word_1_101' title='bbox 2184 1320 2347 1380; x_wconf 86' lang='lat' dir='ltr'><strong>iura·-</strong></span> 
     </span>
     <span class='ocr_line' id='line_1_14' title="bbox 310 1409 2348 1486; baseline 0 -19"><span class='ocrx_word' id='word_1_102' title='bbox 310 1411 455 1468; x_wconf 90' lang='lat' dir='ltr'><strong>runt</strong></span> <span class='ocrx_word' id='word_1_103' title='bbox 491 1411 552 1468; x_wconf 91' lang='lat' dir='ltr'><strong>et</strong></span> <span class='ocrx_word' id='word_1_104' title='bbox 597 1427 876 1468; x_wconf 88' lang='lat' dir='ltr'><strong>coronam</strong></span> <span class='ocrx_word' id='word_1_105' title='bbox 922 1428 1167 1469; x_wconf 87' lang='lat' dir='ltr'><strong>auream</strong></span> <span class='ocrx_word' id='word_1_106' title='bbox 1204 1411 1265 1468; x_wconf 90' lang='lat' dir='ltr'><strong>et</strong></span> <span class='ocrx_word' id='word_1_107' title='bbox 1309 1409 1778 1485; x_wconf 82' lang='lat' dir='ltr'><strong>approbaciones</strong></span> <span class='ocrx_word' id='word_1_108' title='bbox 1823 1413 2191 1486; x_wconf 87' lang='lat' dir='ltr'><strong>receperunt,</strong></span> <span class='ocrx_word' id='word_1_109' title='bbox 2237 1428 2348 1468; x_wconf 91' lang='lat' dir='ltr'><strong>nec</strong></span> 
     </span>
     <span class='ocr_line' id='line_1_15' title="bbox 309 1497 2348 1575; baseline 0 -19"><span class='ocrx_word' id='word_1_110' title='bbox 309 1517 430 1557; x_wconf 91' lang='lat' dir='ltr'><strong>non</strong></span> <span class='ocrx_word' id='word_1_111' title='bbox 501 1518 605 1557; x_wconf 85' lang='lat' dir='ltr'><strong>rex</strong></span> <span class='ocrx_word' id='word_1_112' title='bbox 667 1497 1050 1557; x_wconf 87' lang='lat' dir='ltr'><strong>Hierusalem</strong></span> <span class='ocrx_word' id='word_1_113' title='bbox 1113 1505 1174 1557; x_wconf 89' lang='lat' dir='ltr'><strong>et</strong></span> <span class='ocrx_word' id='word_1_114' title='bbox 1239 1497 1510 1573; x_wconf 83' lang='lat' dir='ltr'><strong>Siciliae,</strong></span> <span class='ocrx_word' id='word_1_115' title='bbox 1584 1501 1689 1574; x_wconf 89' lang='lat' dir='ltr'><strong>qui</strong></span> <span class='ocrx_word' id='word_1_116' title='bbox 1759 1499 2016 1575; x_wconf 84' lang='lat' dir='ltr'><strong>Neapoli</strong></span> <span class='ocrx_word' id='word_1_117' title='bbox 2087 1498 2348 1559; x_wconf 87' lang='lat' dir='ltr'><strong>residere</strong></span> 
     </span>
     <span class='ocr_line' id='line_1_16' title="bbox 232 1587 2347 1665; baseline -0.001 -17"><span class='ocrx_word' id='word_1_118' title='bbox 232 1607 282 1648; x_wconf 81' lang='lat'><strong>15</strong></span> <span class='ocrx_word' id='word_1_119' title='bbox 313 1588 467 1647; x_wconf 89' lang='lat' dir='ltr'><strong>solet</strong></span> <span class='ocrx_word' id='word_1_120' title='bbox 512 1590 572 1646; x_wconf 92' lang='lat' dir='ltr'><strong>et</strong></span> <span class='ocrx_word' id='word_1_121' title='bbox 615 1587 863 1663; x_wconf 86' lang='lat' dir='ltr'><strong>residet,</strong></span> <span class='ocrx_word' id='word_1_122' title='bbox 911 1589 972 1646; x_wconf 90' lang='lat' dir='ltr'><strong>et</strong></span> <span class='ocrx_word' id='word_1_123' title='bbox 1018 1587 1332 1647; x_wconf 85' lang='lat' dir='ltr'><strong>Sardiniae</strong></span> <span class='ocrx_word' id='word_1_124' title='bbox 1378 1606 1449 1648; x_wconf 91' lang='lat' dir='ltr'><strong>ac</strong></span> <span class='ocrx_word' id='word_1_125' title='bbox 1492 1587 1858 1665; x_wconf 90' lang='lat' dir='ltr'><strong>Aragonum‚</strong></span> <span class='ocrx_word' id='word_1_126' title='bbox 1919 1587 2178 1665; x_wconf 84' lang='lat' dir='ltr'><strong>Angliae</strong></span> <span class='ocrx_word' id='word_1_127' title='bbox 2222 1587 2347 1646; x_wconf 90' lang='lat' dir='ltr'><strong>Un-</strong></span> 
     </span>
     <span class='ocr_line' id='line_1_17' title="bbox 313 1675 2350 1754; baseline -0 -19"><span class='ocrx_word' id='word_1_128' title='bbox 313 1678 519 1753; x_wconf 89' lang='lat' dir='ltr'><strong>gariae</strong></span> <span class='ocrx_word' id='word_1_129' title='bbox 589 1694 757 1754; x_wconf 88' lang='lat' dir='ltr'><strong>reges</strong></span> <span class='ocrx_word' id='word_1_130' title='bbox 829 1675 1157 1735; x_wconf 89' lang='lat' dir='ltr'><strong>identidem</strong></span> <span class='ocrx_word' id='word_1_131' title='bbox 1229 1678 1552 1737; x_wconf 87' lang='lat' dir='ltr'><strong>sentientes</strong></span> <span class='ocrx_word' id='word_1_132' title='bbox 1633 1676 1987 1736; x_wconf 90' lang='lat' dir='ltr'><strong>fidelitatem</strong></span> <span class='ocrx_word' id='word_1_133' title='bbox 2069 1677 2350 1736; x_wconf 74' lang='lat' dir='ltr'><strong>similiter</strong></span> 
     </span>
     <span class='ocr_line' id='line_1_18' title="bbox 311 1765 2348 1845; baseline 0.002 -23"><span class='ocrx_word' id='word_1_134' title='bbox 311 1766 614 1842; x_wconf 91' lang='lat' dir='ltr'><strong>hucusque</strong></span> <span class='ocrx_word' id='word_1_135' title='bbox 661 1767 940 1825; x_wconf 90' lang='lat' dir='ltr'><strong>iurarunt</strong></span> <span class='ocrx_word' id='word_1_136' title='bbox 984 1767 1045 1824; x_wconf 90' lang='lat' dir='ltr'><strong>et</strong></span> <span class='ocrx_word' id='word_1_137' title='bbox 1090 1784 1333 1825; x_wconf 89' lang='lat' dir='ltr'><strong>censum</strong></span> <span class='ocrx_word' id='word_1_138' title='bbox 1378 1784 1484 1825; x_wconf 89' lang='lat' dir='ltr'><strong>seu</strong></span> <span class='ocrx_word' id='word_1_139' title='bbox 1536 1767 1831 1825; x_wconf 88' lang='lat' dir='ltr'><strong>tributum</strong></span> <span class='ocrx_word' id='word_1_140' title='bbox 1876 1765 2127 1845; x_wconf 82' lang='lat' dir='ltr'><strong>singulis</strong></span> <span class='ocrx_word' id='word_1_141' title='bbox 2174 1767 2348 1826; x_wconf 85' lang='lat' dir='ltr'><strong>annis</strong></span> 
     </span>
     <span class='ocr_line' id='line_1_19' title="bbox 313 1854 1422 1930; baseline 0 -18"><span class='ocrx_word' id='word_1_142' title='bbox 313 1854 594 1913; x_wconf 89' lang='lat' dir='ltr'><strong>ecclesiae</strong></span> <span class='ocrx_word' id='word_1_143' title='bbox 638 1854 943 1914; x_wconf 88' lang='lat' dir='ltr'><strong>Romanae</strong></span> <span class='ocrx_word' id='word_1_144' title='bbox 988 1855 1422 1930; x_wconf 84' lang='lat' dir='ltr'><strong>persolverunt.</strong></span> 
     </span>
     <span class='ocr_line' id='line_1_20' title="bbox 445 1943 2350 2023; baseline 0.001 -21"><span class='ocrx_word' id='word_1_145' title='bbox 445 1943 511 2004; x_wconf 78' lang='lat' dir='ltr'><strong><em>F.</em></strong></span> <span class='ocrx_word' id='word_1_146' title='bbox 584 1943 813 2003; x_wconf 88' lang='lat' dir='ltr'><strong>Doctor</strong></span> <span class='ocrx_word' id='word_1_147' title='bbox 855 1944 958 2019; x_wconf 90' lang='lat' dir='ltr'><strong>mi,</strong></span> <span class='ocrx_word' id='word_1_148' title='bbox 1021 1943 1093 2003; x_wconf 91' lang='lat' dir='ltr'><strong>de</strong></span> <span class='ocrx_word' id='word_1_149' title='bbox 1156 1944 1270 2003; x_wconf 89' lang='lat' dir='ltr'><strong>hac</strong></span> <span class='ocrx_word' id='word_1_150' title='bbox 1334 1943 1606 2004; x_wconf 90' lang='lat' dir='ltr'><strong>doctrina</strong></span> <span class='ocrx_word' id='word_1_151' title='bbox 1663 1963 1777 2023; x_wconf 91' lang='lat' dir='ltr'><strong>ago</strong></span> <span class='ocrx_word' id='word_1_152' title='bbox 1830 1945 1946 2004; x_wconf 87' lang='lat' dir='ltr'><strong>tibi</strong></span> <span class='ocrx_word' id='word_1_153' title='bbox 2009 1944 2240 2022; x_wconf 84' lang='lat' dir='ltr'><strong>gratias</strong></span> <span class='ocrx_word' id='word_1_154' title='bbox 2288 1947 2350 2004; x_wconf 87' lang='lat' dir='ltr'><strong>et</strong></span> 
     </span>
     <span class='ocr_line' id='line_1_21' title="bbox 233 2032 2350 2110; baseline -0 -16"><span class='ocrx_word' id='word_1_155' title='bbox 233 2054 285 2094; x_wconf 76' lang='lat'><strong>20</strong></span> <span class='ocrx_word' id='word_1_156' title='bbox 312 2033 488 2092; x_wconf 89' lang='lat' dir='ltr'><strong>deum</strong></span> <span class='ocrx_word' id='word_1_157' title='bbox 536 2052 712 2092; x_wconf 85' lang='lat' dir='ltr'><strong>exoro</strong></span> <span class='ocrx_word' id='word_1_158' title='bbox 760 2034 1037 2109; x_wconf 85' lang='lat' dir='ltr'><strong>supplex,</strong></span> <span class='ocrx_word' id='word_1_159' title='bbox 1084 2032 1244 2110; x_wconf 90' lang='lat' dir='ltr'><strong>quod</strong></span> <span class='ocrx_word' id='word_1_160' title='bbox 1288 2034 1541 2110; x_wconf 87' lang='lat' dir='ltr'><strong>inspiret</strong></span> <span class='ocrx_word' id='word_1_161' title='bbox 1586 2053 1847 2094; x_wconf 89' lang='lat' dir='ltr'><strong>summos</strong></span> <span class='ocrx_word' id='word_1_162' title='bbox 1892 2033 2231 2109; x_wconf 87' lang='lat' dir='ltr'><strong>pontifices,</strong></span> <span class='ocrx_word' id='word_1_163' title='bbox 2279 2037 2350 2093; x_wconf 91' lang='lat' dir='ltr'><strong>ut</strong></span> 
     </span>
     <span class='ocr_line' id='line_1_22' title="bbox 311 2122 2347 2200; baseline 0 -19"><span class='ocrx_word' id='word_1_164' title='bbox 311 2142 563 2199; x_wconf 88' lang='lat' dir='ltr'><strong>regnum</strong></span> <span class='ocrx_word' id='word_1_165' title='bbox 622 2141 796 2182; x_wconf 86' lang='lat' dir='ltr'><strong>suum</strong></span> <span class='ocrx_word' id='word_1_166' title='bbox 858 2141 1204 2183; x_wconf 88' lang='lat' dir='ltr'><strong>conservare</strong></span> <span class='ocrx_word' id='word_1_167' title='bbox 1267 2125 1651 2200; x_wconf 88' lang='lat' dir='ltr'><strong>magnanime</strong></span> <span class='ocrx_word' id='word_1_168' title='bbox 1713 2124 1931 2198; x_wconf 84' lang='lat' dir='ltr'><strong>velint,</strong></span> <span class='ocrx_word' id='word_1_169' title='bbox 1996 2122 2139 2199; x_wconf 89' lang='lat' dir='ltr'><strong>quia</strong></span> <span class='ocrx_word' id='word_1_170' title='bbox 2199 2123 2347 2182; x_wconf 90' lang='lat' dir='ltr'><strong>haec</strong></span> 
     </span>
     <span class='ocr_line' id='line_1_23' title="bbox 313 2211 2347 2286; baseline 0 -15"><span class='ocrx_word' id='word_1_171' title='bbox 313 2214 469 2271; x_wconf 90' lang='lat' dir='ltr'><strong>esset</strong></span> <span class='ocrx_word' id='word_1_172' title='bbox 513 2211 800 2271; x_wconf 85' lang='lat' dir='ltr'><strong>exaltatio</strong></span> <span class='ocrx_word' id='word_1_173' title='bbox 844 2212 1089 2286; x_wconf 86' lang='lat' dir='ltr'><strong>Romae,</strong></span> <span class='ocrx_word' id='word_1_174' title='bbox 1153 2230 1288 2270; x_wconf 91' lang='lat' dir='ltr'><strong>cum</strong></span> <span class='ocrx_word' id='word_1_175' title='bbox 1344 2213 1591 2272; x_wconf 88' lang='lat' dir='ltr'><strong>ecclesia</strong></span> <span class='ocrx_word' id='word_1_176' title='bbox 1655 2212 1890 2271; x_wconf 89' lang='lat' dir='ltr'><strong>dicatur</strong></span> <span class='ocrx_word' id='word_1_177' title='bbox 1935 2213 2185 2271; x_wconf 89' lang='lat' dir='ltr'><strong>ecclesia</strong></span> <span class='ocrx_word' id='word_1_178' title='bbox 2229 2212 2347 2271; x_wconf 85' lang='lat' dir='ltr'><strong>Ro-</strong></span> 
     </span>
     <span class='ocr_line' id='line_1_24' title="bbox 311 2301 2347 2379; baseline 0 -20"><span class='ocrx_word' id='word_1_179' title='bbox 311 2319 492 2361; x_wconf 90' lang='lat' dir='ltr'><strong>mana</strong></span> <span class='ocrx_word' id='word_1_180' title='bbox 528 2305 588 2360; x_wconf 90' lang='lat' dir='ltr'><strong>et</strong></span> <span class='ocrx_word' id='word_1_181' title='bbox 635 2303 818 2360; x_wconf 90' lang='lat' dir='ltr'><strong>etiam</strong></span> <span class='ocrx_word' id='word_1_182' title='bbox 863 2301 1111 2360; x_wconf 88' lang='lat' dir='ltr'><strong>ecclesia</strong></span> <span class='ocrx_word' id='word_1_183' title='bbox 1154 2304 1369 2376; x_wconf 87' lang='lat' dir='ltr'><strong>potens</strong></span> <span class='ocrx_word' id='word_1_184' title='bbox 1416 2303 1609 2379; x_wconf 89' lang='lat' dir='ltr'><strong>magis</strong></span> <span class='ocrx_word' id='word_1_185' title='bbox 1653 2301 2039 2367; x_wconf 78' lang='lat' dir='ltr'><strong>venerabitur</strong></span> <span class='ocrx_word' id='word_1_186' title='bbox 2076 2304 2138 2360; x_wconf 88' lang='lat' dir='ltr'><strong>et</strong></span> <span class='ocrx_word' id='word_1_187' title='bbox 2181 2301 2347 2360; x_wconf 92' lang='lat' dir='ltr'><strong>here-</strong></span> 
     </span>
     <span class='ocr_line' id='line_1_25' title="bbox 311 2390 1841 2467; baseline 0.001 -18"><span class='ocrx_word' id='word_1_188' title='bbox 311 2391 462 2450; x_wconf 91' lang='lat' dir='ltr'><strong>ticos</strong></span> <span class='ocrx_word' id='word_1_189' title='bbox 508 2408 579 2449; x_wconf 90' lang='lat' dir='ltr'><strong>ac</strong></span> <span class='ocrx_word' id='word_1_190' title='bbox 622 2390 823 2450; x_wconf 87' lang='lat' dir='ltr'><strong>hostes</strong></span> <span class='ocrx_word' id='word_1_191' title='bbox 870 2392 997 2449; x_wconf 90' lang='lat' dir='ltr'><strong>eius</strong></span> <span class='ocrx_word' id='word_1_192' title='bbox 1044 2391 1264 2450; x_wconf 88' lang='lat' dir='ltr'><strong>fortius</strong></span> <span class='ocrx_word' id='word_1_193' title='bbox 1309 2390 1553 2450; x_wconf 89' lang='lat' dir='ltr'><strong>domare</strong></span> <span class='ocrx_word' id='word_1_194' title='bbox 1599 2393 1841 2467; x_wconf 87' lang='lat' dir='ltr'><strong>poterit.</strong></span> 
     </span>
    </p>
   </div>
   <div class='ocr_carea' id='block_1_3' title="bbox 314 2503 742 2510">
    <p class='ocr_par' dir='ltr' id='par_1_3' title="bbox 314 2503 742 2510">
     <span class='ocr_line' id='line_1_26' title="bbox 314 2503 742 2510; baseline 0 1415"><span class='ocrx_word' id='word_1_195' title='bbox 314 2503 742 2510; x_wconf 95' lang='lat' dir='ltr'><strong> </strong></span> 
     </span>
    </p>
   </div>
   <div class='ocr_carea' id='block_1_4' title="bbox 312 2558 2351 3629">
    <p class='ocr_par' dir='ltr' id='par_1_4' title="bbox 312 2558 2351 3629">
     <span class='ocr_line' id='line_1_27' title="bbox 459 2558 2346 2630; baseline -0.001 -17"><span class='ocrx_word' id='word_1_196' title='bbox 459 2567 487 2613; x_wconf 94' lang='lat'><strong>1</strong></span> <span class='ocrx_word' id='word_1_197' title='bbox 529 2561 843 2630; x_wconf 88' lang='lat' dir='ltr'><strong>operantes.</strong></span> <span class='ocrx_word' id='word_1_198' title='bbox 914 2559 1032 2628; x_wconf 82' lang='lat' dir='ltr'><strong>Ipsi</strong></span> <span class='ocrx_word' id='word_1_199' title='bbox 1070 2560 1245 2615; x_wconf 89' lang='lat' dir='ltr'><strong>etiam</strong></span> <span class='ocrx_word' id='word_1_200' title='bbox 1293 2559 1633 2630; x_wconf 86' lang='lat' dir='ltr'><strong>temporalia</strong></span> <span class='ocrx_word' id='word_1_201' title='bbox 1682 2559 2009 2628; x_wconf 84' lang='lat' dir='ltr'><strong>omiserunt,</strong></span> <span class='ocrx_word' id='word_1_202' title='bbox 2062 2562 2129 2614; x_wconf 91' lang='lat' dir='ltr'><strong>ut</strong></span> <span class='ocrx_word' id='word_1_203' title='bbox 2183 2558 2346 2630; x_wconf 83' lang='lat' dir='ltr'><strong>spiri·</strong></span> 
     </span>
     <span class='ocr_line' id='line_1_28' title="bbox 312 2630 2347 2700; baseline 0 -16"><span class='ocrx_word' id='word_1_204' title='bbox 312 2630 564 2685; x_wconf 88' lang='lat' dir='ltr'><strong>tualibus</strong></span> <span class='ocrx_word' id='word_1_205' title='bbox 603 2630 877 2686; x_wconf 87' lang='lat' dir='ltr'><strong>attentius</strong></span> <span class='ocrx_word' id='word_1_206' title='bbox 913 2634 1194 2699; x_wconf 83' lang='lat' dir='ltr'><strong>vacarent,</strong></span> <span class='ocrx_word' id='word_1_207' title='bbox 1245 2649 1360 2686; x_wconf 91' lang='lat' dir='ltr'><strong>non</strong></span> <span class='ocrx_word' id='word_1_208' title='bbox 1405 2631 1743 2700; x_wconf 84' lang='lat' dir='ltr'><strong>temporalia</strong></span> <span class='ocrx_word' id='word_1_209' title='bbox 1787 2648 1890 2700; x_wconf 83' lang='lat' dir='ltr'><strong>pro</strong></span> <span class='ocrx_word' id='word_1_210' title='bbox 1937 2631 2210 2687; x_wconf 83' lang='lat' dir='ltr'><strong>derelicto</strong></span> <span class='ocrx_word' id='word_1_211' title='bbox 2246 2631 2347 2685; x_wconf 89' lang='lat' dir='ltr'><strong>ha-</strong></span> 
     </span>
     <span class='ocr_line' id='line_1_29' title="bbox 312 2701 2351 2775; baseline 0 -19"><span class='ocrx_word' id='word_1_212' title='bbox 312 2702 526 2758; x_wconf 79' lang='lat' dir='ltr'><strong>bentes,</strong></span> <span class='ocrx_word' id='word_1_213' title='bbox 603 2701 798 2756; x_wconf 87' lang='lat' dir='ltr'><strong>Confit.</strong></span> <span class='ocrx_word' id='word_1_214' title='bbox 827 2701 1023 2770; x_wconf 89' lang='lat' dir='ltr'><strong>itaque</strong></span> <span class='ocrx_word' id='word_1_215' title='bbox 1058 2721 1115 2773; x_wconf 90' lang='lat' dir='ltr'><strong>p.</strong></span> <span class='ocrx_word' id='word_1_216' title='bbox 1144 2705 1186 2757; x_wconf 91' lang='lat' dir='ltr'><strong>t.</strong></span> <span class='ocrx_word' id='word_1_217' title='bbox 1225 2720 1371 2757; x_wconf 87' lang='lat' dir='ltr'><strong>succ.</strong></span> <span class='ocrx_word' id='word_1_218' title='bbox 1410 2702 1471 2757; x_wconf 92' lang='lat' dir='ltr'><strong>P.</strong></span> <span class='ocrx_word' id='word_1_219' title='bbox 1512 2703 1801 2756; x_wconf 92' lang='lat' dir='ltr'><strong>dominum</strong></span> <span class='ocrx_word' id='word_1_220' title='bbox 1830 2719 1952 2758; x_wconf 86' lang='grc'>0000</span> <span class='ocrx_word' id='word_1_221' title='bbox 1988 2702 2185 2757; x_wconf 90' lang='lat' dir='ltr'><strong>mundi</strong></span> <span class='ocrx_word' id='word_1_222' title='bbox 2222 2704 2299 2757; x_wconf 90' lang='lat' dir='ltr'><strong>K.</strong></span> <span class='ocrx_word' id='word_1_223' title='bbox 2328 2701 2351 2775; x_wconf 73' lang='grc' dir='ltr'><strong>ΙΙ</strong></span> 
     </span>
     <span class='ocr_line' id='line_1_30' title="bbox 313 2773 2347 2845; baseline 0.001 -19"><span class='ocrx_word' id='word_1_224' title='bbox 313 2780 348 2826; x_wconf 88' lang='lat'>4</span> <span class='ocrx_word' id='word_1_225' title='bbox 385 2776 444 2827; x_wconf 89' lang='lat' dir='ltr'><strong>et</strong></span> <span class='ocrx_word' id='word_1_226' title='bbox 489 2781 617 2829; x_wconf 77' lang='lat' dir='ltr'><strong>ante</strong></span> <span class='ocrx_word' id='word_1_227' title='bbox 664 2789 857 2845; x_wconf 81' lang='lat' dir='ltr'><strong>regem</strong></span> <span class='ocrx_word' id='word_1_228' title='bbox 907 2775 1050 2829; x_wconf 81' lang='lat' dir='ltr'><strong>deest</strong></span> <span class='ocrx_word' id='word_1_229' title='bbox 1084 2776 1161 2830; x_wconf 87' lang='lat' dir='ltr'><strong>K.</strong></span> <span class='ocrx_word' id='word_1_230' title='bbox 1217 2777 1235 2844; x_wconf 83' lang='grc' dir='ltr'><strong>ΙΙ</strong></span> <span class='ocrx_word' id='word_1_231' title='bbox 1291 2780 1321 2827; x_wconf 89' lang='grc'><strong>6</strong></span> <span class='ocrx_word' id='word_1_232' title='bbox 1363 2790 1430 2828; x_wconf 94' lang='grc'><strong>00</strong></span> <span class='ocrx_word' id='word_1_233' title='bbox 1474 2791 1577 2843; x_wconf 89' lang='lat' dir='ltr'><strong>per</strong></span> <span class='ocrx_word' id='word_1_234' title='bbox 1622 2773 1765 2829; x_wconf 85' lang='lat' dir='ltr'><strong>alios</strong></span> <span class='ocrx_word' id='word_1_235' title='bbox 1802 2776 1877 2829; x_wconf 89' lang='lat' dir='ltr'><strong>K.</strong></span> <span class='ocrx_word' id='word_1_236' title='bbox 1934 2777 1953 2845; x_wconf 84' lang='grc'><strong>11</strong></span> <span class='ocrx_word' id='word_1_237' title='bbox 2010 2781 2039 2828; x_wconf 84' lang='grc'>’1</span> <span class='ocrx_word' id='word_1_238' title='bbox 2076 2790 2243 2845; x_wconf 81' lang='lat' dir='ltr'><strong>posse</strong></span> <span class='ocrx_word' id='word_1_239' title='bbox 2280 2790 2347 2828; x_wconf 90' lang='lat' dir='ltr'><strong>ac</strong></span> 
     </span>
     <span class='ocr_line' id='line_1_31' title="bbox 315 2845 2346 2916; baseline -0 -17"><span class='ocrx_word' id='word_1_240' title='bbox 315 2847 390 2900; x_wconf 92' lang='lat' dir='ltr'><strong>K.</strong></span> <span class='ocrx_word' id='word_1_241' title='bbox 419 2847 438 2915; x_wconf 75' lang='grc' dir='ltr'><strong>ΙΙ</strong></span> <span class='ocrx_word' id='word_1_242' title='bbox 465 2846 541 2899; x_wconf 85' lang='lat' dir='ltr'><strong>ad</strong></span> <span class='ocrx_word' id='word_1_243' title='bbox 575 2861 753 2900; x_wconf 82' lang='lat' dir='ltr'><strong>vocem</strong></span> <span class='ocrx_word' id='word_1_244' title='bbox 788 2845 911 2914; x_wconf 83' lang='lat' dir='ltr'><strong>qui:</strong></span> <span class='ocrx_word' id='word_1_245' title='bbox 969 2846 1034 2900; x_wconf 80' lang='lat' dir='ltr'><strong>de</strong></span> <span class='ocrx_word' id='word_1_246' title='bbox 1069 2863 1176 2915; x_wconf 76' lang='lat' dir='ltr'><strong>req.</strong></span> <span class='ocrx_word' id='word_1_247' title='bbox 1216 2847 1324 2900; x_wconf 69' lang='grc' dir='ltr'><strong>ίαν.</strong></span> <span class='ocrx_word' id='word_1_248' title='bbox 1366 2847 1413 2900; x_wconf 77' lang='lat'><strong>1⁰</strong></span> <span class='ocrx_word' id='word_1_249' title='bbox 1459 2847 1549 2901; x_wconf 94' lang='lat' dir='ltr'><strong>VI</strong></span> <span class='ocrx_word' id='word_1_250' title='bbox 1587 2846 1640 2899; x_wconf 92' lang='lat' dir='ltr'><strong><em>V</em></strong></span> <span class='ocrx_word' id='word_1_251' title='bbox 1669 2846 1731 2899; x_wconf 92' lang='lat' dir='ltr'><strong>in</strong></span> <span class='ocrx_word' id='word_1_252' title='bbox 1767 2862 1943 2916; x_wconf 85' lang='lat' dir='ltr'><strong>marg.</strong></span> <span class='ocrx_word' id='word_1_253' title='bbox 1981 2848 2000 2915; x_wconf 81' lang='grc' dir='ltr'><strong>ΙΙ</strong></span> <span class='ocrx_word' id='word_1_254' title='bbox 2037 2851 2070 2900; x_wconf 92' lang='grc'>8</span> <span class='ocrx_word' id='word_1_255' title='bbox 2107 2846 2346 2912; x_wconf 82' lang='lat' dir='ltr'><strong>videtur,</strong></span> 
     </span>
     <span class='ocr_line' id='line_1_32' title="bbox 314 2916 2346 2986; baseline -0 -15"><span class='ocrx_word' id='word_1_256' title='bbox 314 2919 373 2972; x_wconf 93' lang='lat' dir='ltr'><strong>et</strong></span> <span class='ocrx_word' id='word_1_257' title='bbox 398 2916 497 2984; x_wconf 89' lang='lat' dir='ltr'><strong>qui</strong></span> <span class='ocrx_word' id='word_1_258' title='bbox 534 2932 635 2986; x_wconf 87' lang='lat' dir='ltr'><strong>pro</strong></span> <span class='ocrx_word' id='word_1_259' title='bbox 665 2916 777 2970; x_wconf 89' lang='lat' dir='ltr'><strong>alio</strong></span> <span class='ocrx_word' id='word_1_260' title='bbox 805 2917 962 2983; x_wconf 86' lang='lat' dir='ltr'><strong>facit,</strong></span> <span class='ocrx_word' id='word_1_261' title='bbox 999 2916 1154 2970; x_wconf 89' lang='lat' dir='ltr'><strong>illius</strong></span> <span class='ocrx_word' id='word_1_262' title='bbox 1183 2933 1284 2985; x_wconf 86' lang='lat' dir='ltr'><strong>pro</strong></span> <span class='ocrx_word' id='word_1_263' title='bbox 1313 2934 1425 2984; x_wconf 90' lang='lat' dir='ltr'><strong>quo</strong></span> <span class='ocrx_word' id='word_1_264' title='bbox 1461 2917 1603 2972; x_wconf 89' lang='lat' dir='ltr'><strong>facit</strong></span> <span class='ocrx_word' id='word_1_265' title='bbox 1637 2917 1911 2971; x_wconf 83' lang='lat' dir='ltr'><strong>vicarium</strong></span> <span class='ocrx_word' id='word_1_266' title='bbox 1947 2933 2069 2972; x_wconf 88' lang='grc'>0000</span> <span class='ocrx_word' id='word_1_267' title='bbox 2106 2918 2346 2971; x_wconf 83' lang='lat' dir='ltr'><strong>constat.</strong></span> 
     </span>
     <span class='ocr_line' id='line_1_33' title="bbox 314 2987 2349 3071; baseline 0.001 -31"><span class='ocrx_word' id='word_1_268' title='bbox 314 2987 391 3040; x_wconf 88' lang='lat' dir='ltr'><strong>At</strong></span> <span class='ocrx_word' id='word_1_269' title='bbox 435 2987 720 3071; x_wconf 79' lang='lat' dir='ltr'><strong>Johannes</strong></span> <span class='ocrx_word' id='word_1_270' title='bbox 767 2989 843 3042; x_wconf 94' lang='lat' dir='ltr'><strong>K.</strong></span> <span class='ocrx_word' id='word_1_271' title='bbox 918 2989 994 3043; x_wconf 85' lang='lat' dir='ltr'><strong>ad</strong></span> <span class='ocrx_word' id='word_1_272' title='bbox 1047 3004 1223 3071; x_wconf 57' lang='lat' dir='ltr'><strong>vocem:</strong></span> <span class='ocrx_word' id='word_1_273' title='bbox 1275 2987 1587 3043; x_wconf 85' lang='lat' dir='ltr'><strong>Johannes:</strong></span> <span class='ocrx_word' id='word_1_274' title='bbox 1652 2989 1728 3042; x_wconf 76' lang='lat' dir='ltr'><strong>In</strong></span> <span class='ocrx_word' id='word_1_275' title='bbox 1790 2996 2018 3065; x_wconf 55' lang='lat' dir='ltr'><strong>extrave}</strong></span> <span class='ocrx_word' id='word_1_276' title='bbox 2054 2990 2180 3043; x_wconf 77' lang='lat' dir='ltr'><strong>anti</strong></span> <span class='ocrx_word' id='word_1_277' title='bbox 2241 3004 2349 3043; x_wconf 78' lang='lat' dir='ltr'><strong>sua</strong></span> 
     </span>
     <span class='ocr_line' id='line_1_34' title="bbox 314 3059 2349 3212; baseline 0 -27"><span class='ocrx_word' id='word_1_278' title='bbox 314 3065 741 3212; x_wconf 56' lang='lat' dir='ltr'><strong>gugffimffi„</strong></span> <span class='ocrx_word' id='word_1_279' title='bbox 756 3061 1106 3200; x_wconf 55' lang='lat' dir='ltr'><strong>”ffl&#39;ss&#39;fflz</strong></span> <span class='ocrx_word' id='word_1_280' title='bbox 1122 3059 1805 3186; x_wconf 53' lang='grc' dir='ltr'><strong>ἶοὲωωὲἔὲῂὲἔὲῗαᾶι</strong></span> <span class='ocrx_word' id='word_1_281' title='bbox 1821 3060 2023 3186; x_wconf 54' lang='lat'><strong><em>3³2...</em></strong></span> <span class='ocrx_word' id='word_1_282' title='bbox 2036 3061 2120 3186; x_wconf 54' lang='lat' dir='ltr'><strong>“ia</strong></span> <span class='ocrx_word' id='word_1_283' title='bbox 2142 3061 2349 3186; x_wconf 59' lang='grc' dir='ltr'><strong>ἓῗὲἑῖὲέἔ</strong></span> 
     </span>
     <span class='ocr_line' id='line_1_35' title="bbox 325 3202 2348 3271; baseline -0.001 -14"><span class='ocrx_word' id='word_1_284' title='bbox 325 3202 379 3257; x_wconf 88' lang='lat' dir='ltr'><strong><em>V</em></strong></span> <span class='ocrx_word' id='word_1_285' title='bbox 406 3219 467 3255; x_wconf 86' lang='lat' dir='ltr'><strong>m</strong></span> <span class='ocrx_word' id='word_1_286' title='bbox 502 3218 677 3271; x_wconf 87' lang='lat' dir='ltr'><strong>marg.</strong></span> <span class='ocrx_word' id='word_1_287' title='bbox 725 3204 744 3271; x_wconf 80' lang='grc' dir='ltr'><strong>ΙΙ</strong></span> <span class='ocrx_word' id='word_1_288' title='bbox 794 3207 859 3255; x_wconf 79' lang='grc'><strong>12</strong></span> <span class='ocrx_word' id='word_1_289' title='bbox 900 3202 1319 3271; x_wconf 84' lang='lat' dir='ltr'><strong>et—hucusque</strong></span> <span class='ocrx_word' id='word_1_290' title='bbox 1356 3204 1553 3258; x_wconf 74' lang='lat' dir='ltr'><strong>desunt</strong></span> <span class='ocrx_word' id='word_1_291' title='bbox 1590 3202 1661 3256; x_wconf 91' lang='lat' dir='ltr'><strong>K.</strong></span> <span class='ocrx_word' id='word_1_292' title='bbox 1737 3203 1996 3257; x_wconf 88' lang='lat' dir='ltr'><strong>iurarunt</strong></span> <span class='ocrx_word' id='word_1_293' title='bbox 2031 3204 2091 3256; x_wconf 89' lang='lat' dir='ltr'><strong>et</strong></span> <span class='ocrx_word' id='word_1_294' title='bbox 2127 3219 2162 3256; x_wconf 89' lang='lat' dir='ltr'><strong>a</strong></span> <span class='ocrx_word' id='word_1_295' title='bbox 2198 3219 2348 3256; x_wconf 85' lang='lat' dir='ltr'><strong>sum-</strong></span> 
     </span>
     <span class='ocr_line' id='line_1_36' title="bbox 313 3272 2348 3343; baseline 0.001 -17"><span class='ocrx_word' id='word_1_296' title='bbox 313 3272 421 3327; x_wconf 87' lang='lat' dir='ltr'><strong>mis</strong></span> <span class='ocrx_word' id='word_1_297' title='bbox 456 3272 817 3342; x_wconf 88' lang='lat' dir='ltr'><strong>pontificibus</strong></span> <span class='ocrx_word' id='word_1_298' title='bbox 856 3275 932 3328; x_wconf 91' lang='lat' dir='ltr'><strong>K.</strong></span> <span class='ocrx_word' id='word_1_299' title='bbox 975 3275 993 3343; x_wconf 85' lang='grc' dir='ltr'><strong>ΙΙ</strong></span> <span class='ocrx_word' id='word_1_300' title='bbox 1041 3279 1107 3327; x_wconf 85' lang='grc'><strong>13</strong></span> <span class='ocrx_word' id='word_1_301' title='bbox 1146 3273 1624 3342; x_wconf 82' lang='lat' dir='ltr'><strong>approbacionem</strong></span> <span class='ocrx_word' id='word_1_302' title='bbox 1657 3273 1947 3342; x_wconf 88' lang='lat' dir='ltr'><strong>hucusque</strong></span> <span class='ocrx_word' id='word_1_303' title='bbox 1985 3275 2061 3329; x_wconf 90' lang='lat' dir='ltr'><strong>K.</strong></span> <span class='ocrx_word' id='word_1_304' title='bbox 2107 3276 2127 3343; x_wconf 78' lang='grc'><strong>11</strong></span> <span class='ocrx_word' id='word_1_305' title='bbox 2174 3277 2240 3326; x_wconf 82' lang='grc'><strong>15</strong></span> <span class='ocrx_word' id='word_1_306' title='bbox 2280 3289 2348 3328; x_wconf 89' lang='lat' dir='ltr'><strong>ac</strong></span> 
     </span>
     <span class='ocr_line' id='line_1_37' title="bbox 315 3344 2350 3415; baseline 0.001 -17"><span class='ocrx_word' id='word_1_307' title='bbox 315 3344 574 3399; x_wconf 79' lang='lat' dir='ltr'><strong>Sardinie</strong></span> <span class='ocrx_word' id='word_1_308' title='bbox 609 3345 936 3415; x_wconf 87' lang='lat' dir='ltr'><strong>Aragonum</strong></span> <span class='ocrx_word' id='word_1_309' title='bbox 971 3347 1048 3400; x_wconf 90' lang='lat' dir='ltr'><strong>K.</strong></span> <span class='ocrx_word' id='word_1_310' title='bbox 1077 3347 1096 3415; x_wconf 89' lang='grc' dir='ltr'><strong>ΙΙ</strong></span> <span class='ocrx_word' id='word_1_311' title='bbox 1136 3351 1202 3399; x_wconf 89' lang='grc'>16</span> <span class='ocrx_word' id='word_1_312' title='bbox 1238 3345 1453 3400; x_wconf 85' lang='lat' dir='ltr'><strong>ididem</strong></span> <span class='ocrx_word' id='word_1_313' title='bbox 1500 3348 1576 3401; x_wconf 91' lang='lat' dir='ltr'><strong>K.</strong></span> <span class='ocrx_word' id='word_1_314' title='bbox 1652 3344 1914 3400; x_wconf 85' lang='lat' dir='ltr'><strong>similiter</strong></span> <span class='ocrx_word' id='word_1_315' title='bbox 1958 3346 2103 3400; x_wconf 74' lang='lat' dir='ltr'><strong>deest</strong></span> <span class='ocrx_word' id='word_1_316' title='bbox 2138 3345 2212 3399; x_wconf 88' lang='lat' dir='ltr'><strong><em>K.</em></strong></span> <span class='ocrx_word' id='word_1_317' title='bbox 2271 3345 2350 3400; x_wconf 81' lang='lat' dir='ltr'><strong>ad</strong></span> 
     </span>
     <span class='ocr_line' id='line_1_38' title="bbox 313 3417 2346 3487; baseline 0 -17"><span class='ocrx_word' id='word_1_318' title='bbox 313 3432 490 3470; x_wconf 84' lang='lat' dir='ltr'><strong>vocem</strong></span> <span class='ocrx_word' id='word_1_319' title='bbox 527 3432 778 3470; x_wconf 89' lang='lat' dir='ltr'><strong>censum:</strong></span> <span class='ocrx_word' id='word_1_320' title='bbox 817 3423 882 3471; x_wconf 79' lang='lat' dir='ltr'><strong>ut</strong></span> <span class='ocrx_word' id='word_1_321' title='bbox 917 3419 980 3470; x_wconf 76' lang='lat' dir='ltr'><strong>in</strong></span> <span class='ocrx_word' id='word_1_322' title='bbox 1016 3417 1063 3470; x_wconf 76' lang='lat'><strong>1⁰</strong></span> <span class='ocrx_word' id='word_1_323' title='bbox 1098 3434 1307 3472; x_wconf 79' lang='lat' dir='ltr'><strong>camere</strong></span> <span class='ocrx_word' id='word_1_324' title='bbox 1341 3418 1635 3486; x_wconf 77' lang='lat' dir='ltr'><strong>apostolice</strong></span> <span class='ocrx_word' id='word_1_325' title='bbox 1671 3418 1726 3473; x_wconf 93' lang='lat' dir='ltr'><strong><em>V</em></strong></span> <span class='ocrx_word' id='word_1_326' title='bbox 1744 3417 1804 3470; x_wconf 90' lang='lat' dir='ltr'><strong>in</strong></span> <span class='ocrx_word' id='word_1_327' title='bbox 1831 3433 2009 3487; x_wconf 86' lang='lat' dir='ltr'><strong>marg.</strong></span> <span class='ocrx_word' id='word_1_328' title='bbox 2037 3418 2056 3486; x_wconf 87' lang='grc' dir='ltr'><strong>ΙΙ</strong></span> <span class='ocrx_word' id='word_1_329' title='bbox 2084 3423 2151 3471; x_wconf 78' lang='grc'><strong>21</strong></span> <span class='ocrx_word' id='word_1_330' title='bbox 2188 3432 2346 3487; x_wconf 83' lang='lat' dir='ltr'><strong>regn.</strong></span> 
     </span>
     <span class='ocr_line' id='line_1_39' title="bbox 315 3487 2350 3558; baseline 0 -18"><span class='ocrx_word' id='word_1_331' title='bbox 315 3504 478 3541; x_wconf 87' lang='lat' dir='ltr'><strong>suum</strong></span> <span class='ocrx_word' id='word_1_332' title='bbox 512 3487 824 3555; x_wconf 87' lang='lat' dir='ltr'><strong>temporale</strong></span> <span class='ocrx_word' id='word_1_333' title='bbox 859 3489 935 3542; x_wconf 94' lang='lat' dir='ltr'><strong><em>K.</em></strong></span> <span class='ocrx_word' id='word_1_334' title='bbox 1011 3487 1146 3555; x_wconf 89' lang='lat' dir='ltr'><strong>quia</strong></span> <span class='ocrx_word' id='word_1_335' title='bbox 1180 3487 1289 3542; x_wconf 91' lang='lat' dir='ltr'><strong>hoc</strong></span> <span class='ocrx_word' id='word_1_336' title='bbox 1326 3489 1400 3542; x_wconf 92' lang='lat' dir='ltr'><strong><em>K.</em></strong></span> <span class='ocrx_word' id='word_1_337' title='bbox 1430 3490 1450 3558; x_wconf 82' lang='grc' dir='ltr'><strong>ΙΙ</strong></span> <span class='ocrx_word' id='word_1_338' title='bbox 1478 3494 1545 3541; x_wconf 80' lang='lat'><strong>23</strong></span> <span class='ocrx_word' id='word_1_339' title='bbox 1583 3491 1944 3544; x_wconf 82' lang='lat' dir='ltr'><strong>veneraretur</strong></span> <span class='ocrx_word' id='word_1_340' title='bbox 1972 3504 2039 3542; x_wconf 86' lang='lat' dir='ltr'><strong>ac</strong></span> <span class='ocrx_word' id='word_1_341' title='bbox 2073 3488 2250 3542; x_wconf 85' lang='lat' dir='ltr'><strong>heret.</strong></span> <span class='ocrx_word' id='word_1_342' title='bbox 2290 3489 2350 3541; x_wconf 84' lang='lat' dir='ltr'><strong>ct</strong></span> 
     </span>
     <span class='ocr_line' id='line_1_40' title="bbox 313 3558 1106 3629; baseline 0.003 -18"><span class='ocrx_word' id='word_1_343' title='bbox 313 3558 504 3612; x_wconf 88' lang='lat' dir='ltr'><strong>hostes</strong></span> <span class='ocrx_word' id='word_1_344' title='bbox 546 3558 620 3611; x_wconf 94' lang='lat' dir='ltr'><strong><em>K.</em></strong></span> <span class='ocrx_word' id='word_1_345' title='bbox 649 3560 667 3626; x_wconf 92' lang='grc' dir='ltr'><strong>ΙΙ</strong></span> <span class='ocrx_word' id='word_1_346' title='bbox 696 3564 764 3612; x_wconf 83' lang='grc'><strong>24</strong></span> <span class='ocrx_word' id='word_1_347' title='bbox 800 3559 994 3629; x_wconf 81' lang='lat' dir='ltr'><strong>posset</strong></span> <span class='ocrx_word' id='word_1_348' title='bbox 1029 3560 1106 3613; x_wconf 92' lang='lat' dir='ltr'><strong><em>K.</em></strong></span> 
     </span>
    </p>
   </div>
  </div>
 </body>
</html>
