2650 3925
394 197 531 252 XVI
1206 198 1620 254 PRAEFATIO

392 351 633 408 ratione
679 368 893 426 genere
941 349 1197 424 denique
1253 349 1491 408 dicendi
1533 369 1653 409 non
1707 352 2144 410 renascentium
2199 351 2431 411 littera·

397 458 540 495 rum
587 439 806 497 aetatis
854 438 958 497 sed
1001 439 1187 497 medii
1231 440 1368 499 aevi
1413 458 1537 498 esse
1584 441 1883 498 neminem
1928 440 2137 517 fugiet,
2184 440 2433 516 quicun-

398 546 516 602 que
563 526 871 605 dialogum
917 527 990 585 ab
1039 547 1108 586 eo
1154 529 1555 605 conscriptum
1599 529 1829 605 legerit.
1924 528 2168 588 Codices
2228 532 2433 589 autem

392 635 583 675 manu
627 617 856 692 scripti,
893 616 1109 692 quibus
1155 618 1507 694 opusculum
1543 618 1708 677 Petri
1752 620 2107 693 continetur,
2151 619 2218 677 hi
2263 622 2432 678 sunt:

539 710 592 764 1.
643 703 842 763 Codex
894 705 1292 766 Vaticanus
1346 707 1471 764 lat.
1532 708 1702 766 3619
1759 707 2244 766 membranaceus
2302 727 2431 767 sae-

392 793 525 852 culi
566 794 695 870 XV,
753 795 1095 853 chartarum
1139 795 1300 870 XVI,
1366 797 1559 854 forma
1623 797 1854 869 octava,
1899 796 2060 873 long.
2108 800 2275 870 0,21,
2322 797 2431 857 lat.

400 884 590 957 O,145
640 903 718 956 m,
765 882 931 941 cuius
978 884 1248 960 singulae
1305 885 1561 963 paginae
1615 884 1789 943 XXII
1841 904 2048 945 versus
2105 886 2428 945 continent.

394 968 605 1030 Prima
666 972 875 1031 littera
937 973 1166 1050 dialogi
1228 974 1527 1033 coloribus
1589 973 1935 1033 illuminata
2000 976 2106 1049 est,
2168 976 2432 1053 margini

394 1061 676 1120 adnotati
721 1064 863 1120 sunt
907 1063 1205 1139 scriptura
1250 1062 1479 1121 minore
1516 1062 1635 1121 loci
1668 1062 1890 1122 bibliae
1926 1063 2227 1140 vulgatae,
2273 1062 2429 1123 Pan-

392 1150 727 1224 dectarum,
776 1149 1027 1224 Codicis,
1073 1151 1222 1209 iuris
1270 1152 1539 1211 canonici
1588 1152 1709 1210 alia
1754 1153 2060 1211 nonnulla.

535 1241 592 1297 2.
642 1236 837 1297 Codex
882 1241 1282 1300 Vaticanus
1338 1241 1464 1299 lat.
1503 1242 1676 1299 4167
1735 1242 2080 1301 chartaceus
2136 1242 2428 1302 miscella-

391 1347 548 1387 neus
613 1328 834 1388 saeculi
893 1329 1004 1386 XV
1051 1331 1348 1405 exeuntis,
1415 1348 1591 1405 quem
1637 1330 1953 1406 descripsit
2011 1332 2429 1390 Tommasinus

389 1438 455 1493 p.
498 1418 598 1477 69.
689 1416 856 1476 Petri
921 1418 993 1478 de
1067 1417 1249 1478 Godis
1323 1420 1676 1495 opusculum
1746 1419 1970 1497 legitur
2042 1439 2077 1479 a
2131 1420 2233 1479 fol.
2276 1422 2432 1479 202²

388 1524 585 1581 usque
632 1507 709 1564 ad
753 1507 855 1565 fol.
897 1509 1052 1567 210¹
1096 1526 1229 1566 cum
1276 1508 1475 1567 codice
1524 1510 1694 1568 3619
1745 1509 2115 1568 consentiens
2163 1509 2310 1569 adeo
2358 1513 2429 1568 ut

390 1615 468 1654 ⁴ex
524 1614 592 1654 eo
656 1595 1019 1673 descriptum
1082 1615 1208 1656 esse
1271 1596 1448 1673 plane
1516 1601 1820 1674 appareat,
1883 1599 2236 1673 praesertim
2291 1617 2430 1657 cum

397 1687 575 1743 notae
623 1703 856 1761 quoque
903 1687 1164 1763 margini
1207 1686 1372 1745 illius
1420 1686 1638 1745 codicis
1687 1686 2020 1763 adscriptae
2066 1689 2315 1763 ipsaque
2360 1689 2428 1746 in

394 1773 511 1831 fine
560 1773 917 1850 subscriptio
963 1775 1102 1833 inde
1147 1778 1421 1851 receptae
1468 1776 1605 1833 sint.

535 1864 590 1921 3.
650 1862 846 1921 Codex
890 1882 1031 1922 msc.
1081 1865 1181 1921 26.
1232 1866 1300 1921 4ο
1354 1864 1846 1923 bibliothecae
1902 1863 2428 1924 Wallenrodti-

390 1970 601 2026 anae,
666 1971 820 2028 quae
885 1954 978 2011 est
1030 1952 1374 2032 Regimonti
1427 1952 1795 2013 Prussorum.
1888 1953 2218 2029 Descripsit
2263 1953 2428 2014 Perl-

394 2042 550 2101 bach
585 2061 641 2118 p.
675 2046 752 2100 11
806 2041 1084 2101 editionis
1131 2061 1273 2102 suae
1317 2043 1620 2119 pauloque
1669 2045 2001 2102 accuratius
2044 2043 2108 2100 in
2157 2045 2427 2120 epheme-

395 2130 525 2190 ride
580 2149 734 2206 quae
798 2132 1148 2191 inscribitur
1192 2131 1653 2208 Altpreussische
1698 2131 2151 2191 Monatsschrift
2204 2132 2314 2193 Bd.
2352 2134 2427 2210 X,

388 2219 773 2298 Konigsberg
822 2222 1012 2295 1873,
1056 2241 1114 2297 p.
1147 2221 1272 2280 566
1292 2239 1419 2297 sqq.
1511 2221 1868 2279 Addendum
1928 2222 2018 2280 est
2061 2222 2126 2280 in
2185 2220 2341 2281 libro
2390 2242 2427 2281 a

394 2309 735 2387 bibliopego
795 2329 985 2386 nuper
1041 2312 1267 2369 resarto
1327 2310 1779 2386 inscriptionem
1825 2309 2069 2387 Georgii
2124 2310 2276 2370 Rast
2321 2311 2427 2388 qui

387 2417 532 2456 eum
595 2399 989 2458 bibliothecae
1052 2399 1301 2459 donavit
1345 2399 1467 2457 iam
1517 2394 1658 2458 non‘
1698 2398 1821 2476 legi
1884 2417 2204 2478 omnesque
2269 2419 2425 2460 nunc

394 2487 650 2565 paginas
713 2489 973 2547 numeris
1020 2490 1260 2547 notatas
1325 2508 1466 2549 esse.
1559 2488 1723 2548 Petri
1786 2489 2139 2564 opusculum
2204 2490 2425 2567 legitur

389 2596 434 2635 a
478 2596 614 2653 pag.
653 2577 780 2635 487
829 2596 1018 2652 usque
1067 2577 1141 2636 ad
1186 2598 1323 2657 pag.
1363 2580 1511 2637 498.

531 2772 815 2832 Codicum
888 2774 1248 2849 scripturam
1310 2776 1376 2831 in
1449 2774 1724 2833 omnibus
1797 2772 2169 2851 gravioribus
2242 2770 2420 2829 rebus

385 2864 632 2921 secutus
680 2881 828 2938 sum,
877 2863 1001 2921 alia
1045 2863 1273 2921 leviora
1317 2863 1382 2920 in
1428 2882 1561 2922 eam
1608 2882 1759 2939 quae
1796 2881 1953 2922 nunc
1980 2862 2116 2920 usui
2161 2863 2251 2919 est
2277 2860 2418 2919 scri·

394 2951 575 3010 bendi
590 2953 886 3010 rationem
907 2952 1260 3027 plerumque
1279 2951 1582 3024 transtuli,
1600 2952 1953 3027 praesertim
1971 2969 2106 3009 cum
2121 2948 2424 3009 interdum

393 3058 515 3099 non
560 3041 675 3099 sibi
720 3043 991 3100 constent
1036 3039 1279 3099 scribae.
1373 3039 1600 3116 Scripsi
1645 3059 1716 3100 ae
1759 3041 1858 3100 vel
1894 3058 1963 3098 oe
1998 3058 2108 3116 pro
2147 3058 2177 3097 e
2225 3029 2421 3119 (pene,

390 3129 518 3204 hec,
563 3121 867 3211 prelium),
931 3148 1001 3188 ae
1047 3130 1145 3189 vel
1191 3149 1222 3188 e
1268 3147 1377 3206 pro
1426 3148 1495 3188 oe
1561 3120 1843 3209 (soecula,
1896 3130 2139 3201 loetum,
2192 3118 2421 3209 foelix),

390 3239 435 3279 v
479 3238 588 3294 pro
635 3238 695 3293 u,
751 3221 775 3277 i
817 3237 928 3295 pro
974 3238 1034 3294 y,
1086 3222 1142 3277 tt
1186 3236 1294 3294 pro
1343 3220 1403 3278 ct
1466 3209 1763 3299 (actoniti,
1810 3208 2171 3299 actendere),
2235 3236 2266 3275 c
2311 3236 2419 3293 pro

392 3310 420 3366 t
468 3300 755 3389 (delitiae,
802 3299 1219 3387 dissotiabile),
1265 3309 1293 3366 t
1337 3326 1447 3383 pro
1494 3326 1525 3366 c
1572 3297 1804 3389 (acque,
1850 3298 2161 3388 precium),
2205 3327 2267 3364 m
2311 3325 2419 3383 pro

394 3417 432 3454 n
481 3388 803 3478 (quenque,
851 3389 1150 3479 quanvis),
1194 3397 1456 3472 itemque
1501 3397 1769 3455 litteram
1815 3414 1842 3454 s
1885 3396 2138 3472 apposui
2181 3397 2246 3455 in
2291 3416 2419 3456 ver·

388 3486 485 3547 bis
533 3505 870 3564 exuperare,
917 3487 1180 3561 exilium,
1225 3505 1521 3563 posquam
1567 3489 1676 3545 etc.
