2650 3925
511 175 608 228 DE
648 174 1199 230 CONIVRATIONE
1234 173 1605 229 PORGARJA
1640 173 2004 229 DIALOGVS
2177 176 2263 239 65

222 327 301 386 ad
345 328 599 386 totalem
661 326 902 385 ruinam
965 325 1306 402 devenerat,
1369 328 1565 384 totam
1626 325 1757 384 fieri
1823 344 1892 385 ac
1956 325 2266 386 ecclesiam

222 417 420 476 sancti
465 416 761 475 Theodori
817 434 998 491 super
1040 414 1448 474 fundamentis
1505 414 1774 490 antiquis
1829 414 2024 491 primo
2080 416 2265 473 etiam

222 505 300 564 de·
341 505 626 564 mandato
673 523 815 564 suae
862 504 1201 564 sanctitatis
1248 506 1671 579 constructam,
1731 502 1944 562 deinde
1989 522 2109 562 uno
2155 506 2266 563 im-

222 597 381 671 petu·
441 595 677 654 defectu
757 593 1283 652 fundamentorum
1353 594 1596 669 penitus
1678 592 1975 651 dirrutam
2045 595 2266 654 iterum

169 706 194 747 5
224 686 434 743 statim
481 702 518 742 a
562 682 970 742 fundamentis
1016 685 1188 742 novis
1232 681 1566 742 reedificari
1602 700 1672 741 ac
1717 681 1986 741 tribunal
2031 683 2265 759 magni-

222 772 402 833 ficum
448 776 510 831 et
554 774 971 848 sumptuosum
1014 770 1298 831 basilicae
1346 774 1540 831 sancti
1584 770 1776 844 Petri,
1834 773 2005 830 cuius
2052 772 2266 831 funda·

220 864 492 921 mentum
554 879 743 936 usque
804 861 881 920 ad
944 864 1217 920 centrum
1277 863 1475 919 terrae
1537 859 1903 937 profundum
1949 862 2162 920 existit
2206 865 2267 921 et

221 951 566 1010 latitudinis
604 950 944 1010 cubitorum
978 950 1165 1024 XXV,
1210 950 1493 1010 similiter
1538 949 1803 1008 construi
1842 967 1912 1009 ac
1954 950 2267 1010 ecclesiam

223 1039 438 1099 beatae
482 1040 711 1099 Mariae
754 1039 1079 1099 rotundam
1114 1038 1187 1098 de
1223 1040 1444 1099 lamnis
1490 1038 1790 1115 plumbeis
1828 1041 2022 1099 totam
2059 1057 2268 1115 coope-

141 1152 197 1193 ιο
223 1128 335 1187 riri
379 1129 543 1187 facit.

360 1218 425 1276 F.
497 1218 597 1277 Ita
651 1220 759 1295 est,
823 1219 886 1277 et
936 1217 1127 1292 credo,
1196 1235 1347 1292 quae
1395 1216 1562 1291 dicis,
1628 1216 1852 1292 doctor,
1918 1217 1990 1276 de
2036 1217 2261 1277 iudicio

227 1307 340 1366 dei.
430 1306 656 1366 Audivi
720 1309 878 1366 enim
943 1308 1126 1365 etiam
1192 1324 1230 1364 a
1291 1308 1464 1381 patre
1526 1325 1688 1379 meo,
1763 1305 1926 1381 quod
1998 1309 2268 1382 tempore
2341 1339 2344 1346 .

226 1395 485 1473 Eugenii
556 1414 752 1472 papae
804 1395 933 1454 Πᾙ
995 1395 1186 1471 aliqui
1230 1394 1547 1470 presbiteri
1606 1396 1900 1455 avaritiae
1963 1398 2268 1471 pravitate

227 1487 391 1545 caeci
435 1502 702 1561 gemmas
748 1486 1163 1560 preciosioreS‚
1221 1502 1376 1559 quae
1433 1486 1605 1542 erant
1660 1486 1819 1543 circa
1874 1487 2076 1560 capita
2128 1485 2268 1544 bea·

144 1597 198 1637 ιε
228 1576 429 1632 torum
488 1574 899 1649 apostolorum
943 1572 1112 1633 Petri
1169 1575 1231 1631 et
1274 1572 1471 1650 Pauli,
1518 1573 1734 1632 callide
1779 1574 1969 1631 furati
2026 1575 2270 1633 fuerunt

229 1665 293 1722 et
338 1662 653 1740 divulgato
698 1663 861 1721 furto
907 1663 1194 1740 fugerunt
1237 1662 1506 1722 volentes
1550 1664 1640 1721 ire
1686 1662 2033 1738 Neapolim3
2091 1663 2267 1721 itine-

225 1750 446 1810 rabant
504 1751 600 1811 die
651 1755 976 1827 noctuque3
1042 1751 1281 1827 quando
1340 1751 1662 1811 credebant
1715 1769 1842 1811 esse
1897 1752 2059 1827 apud
2112 1751 2268 1811 Nea-

226 1841 435 1917 polim,
496 1840 877 1916 reperiebant
939 1859 1001 1900 se
1064 1842 1240 1899 iuxta
1284 1839 1539 1899 Romam
1599 1843 1661 1899 et
1721 1841 1835 1898 hoc
1897 1860 2006 1916 per
2066 1842 2269 1917 plures

229 1929 357 1989 dies
422 1930 621 1990 evenit
683 1931 769 1989 eis
825 1932 886 1989 et
949 1931 1114 2006 capti
1175 1931 1267 1990 ita
1332 1931 1474 1990 sunt
1531 1930 1813 2005 confessi,
1886 1930 2269 2006 postmodum

20 2004 23 2013 ¹
147 2043 200 2083 so
227 2019 443 2079 ultimo
510 2019 805 2097 supplicio
868 2020 1022 2094 dati,
1087 2021 1177 2078 ita
1241 2020 1400 2095 quod
1463 2019 1822 2078 mirabiliter
1885 2019 2107 2080 iudicio
2174 2021 2269 2079 dei

229 2108 515 2169 confundi
560 2110 734 2169 credo
780 2127 1182 2185 quoscunque,
1230 2109 1334 2184 qui
1380 2126 1611 2168 sacram
1656 2109 2010 2185 religionem
2055 2129 2159 2170 seu
2204 2112 2269 2168 in

227 2196 405 2256 rebus
460 2215 565 2258 seu
607 2201 673 2257 in
726 2198 996 2274 personis
1048 2198 1330 2276 religioni
1384 2197 1674 2257 dedicatis
1730 2200 2166 2274 contempnunt
2211 2200 2272 2257 et

233 2286 555 2345 offendunt.

252 2393 275 2422 «τ
366 2374 434 2433 Β.
514 2373 777 2450 Gaudeo,
825 2376 986 2452 quod
1031 2378 1235 2454 gustes
1280 2376 1430 2435 haec
1476 2375 1701 2450 divina,
1747 2375 1836 2433 fili
1881 2377 1984 2435 mi.

152 2468 249 2526 κε’
365 2463 445 2521 F.
508 2463 624 2522 Sed
694 2466 938 2523 interim
1001 2464 1173 2524 bonis
1236 2464 1505 2540 pecuniis
1568 2483 1790 2541 papae,
1855 2465 2270 2539 cardinalium,

233 2551 567 2629 curialium,
626 2555 1043 2629 mercatorum,
1097 2554 1425 2613 forensium
1479 2555 1670 2629 raptis
1718 2552 2055 2630 Stephanus
2101 2572 2163 2613 se
2212 2557 2272 2612 et

228 2641 522 2718 populum
574 2641 1006 2702 substentasset
1052 2645 1113 2701 et
1165 2661 1327 2719 papa
1373 2643 1457 2702 sic
1511 2642 1655 2701 urbe
1703 2645 1765 2701 et
1819 2643 1991 2702 bonis
2049 2644 2270 2719 spolia-

231 2734 329 2789 tus
373 2732 694 2807 pecuniam
736 2750 847 2808 pro
901 2750 1120 2808 guerra
1172 2751 1295 2790 non
1348 2731 1671 2791 habuisset.
1763 2731 2113 2807 Forsanque
2167 2751 2270 2791 rex

231 2821 581 2898 Aragonum
626 2819 724 2880 vel
771 2820 990 2897 aliquis
1034 2820 1181 2880 baro
1226 2819 1531 2879 Romanus
1579 2819 1884 2896 Stephano
1939 2820 2271 2881 subsidium

154 2931 206 2971 so
230 2911 593 2985 porrexisset
620 2911 728 2968 aut
753 2911 998 2969 interim
1025 2910 1300 2970 fortassis
1329 2909 1615 2969 Nicolaus
1640 2928 1804 2985 papa
1829 2910 1886 2966 V
1923 2910 2274 2970 decessisset

233 3000 294 3057 et
349 2999 502 3058 alius
564 2999 822 3058 forsitan
884 2999 1369 3059 ultramontanus
1433 3000 1775 3075 assumptus
1839 2998 1917 3058 ad
1979 3001 2272 3075 papatum

377 3193 409 3241 6
447 3203 514 3242 ac
551 3190 859 3256 sumptuos.
900 3186 974 3241 K.
1067 3186 1226 3241 cuius
1278 3186 1440 3240 fund.
1492 3187 1579 3240 est
1631 3185 1977 3255 profundum
2031 3204 2154 3255 usq.
2195 3187 2271 3240 ad

236 3260 406 3312 centr.
444 3261 592 3312 terre
630 3260 705 3313 K.
753 3261 809 3328 ΙΙ
817 3263 850 3311 8
889 3259 1138 3312 construi
1190 3257 1330 3312 fecit
1366 3259 1441 3312 K.
1490 3260 1508 3327 ΙΙ
1555 3262 1586 3309 9
1625 3257 1926 3311 rotundam
1980 3261 2163 3312 totam
2202 3258 2272 3311 de

233 3328 460 3384 laminis
522 3329 807 3398 plumbeis
864 3329 1139 3398 cooperiri
1176 3330 1253 3384 K.
1325 3328 1493 3383 lamis
1541 3330 1599 3384 V.
1657 3331 1677 3398 ΙΙ
1734 3335 1797 3382 11
1837 3329 1926 3383 Ita
1981 3331 2069 3384 est
2105 3329 2271 3384 credo

235 3415 345 3468 que
382 3400 457 3453 K.
504 3403 523 3470 ΙΙ
570 3407 636 3455 12
676 3401 849 3455 etiam
886 3401 1028 3456 deest
1063 3402 1141 3456 K.
1170 3403 1189 3470 ΙΙ
1231 3406 1296 3453 21
1338 3416 1700 3469 quoscunque
1737 3402 1883 3456 deest
1917 3403 1994 3455 K.
2040 3403 2060 3471 ΙΙ
2105 3406 2176 3454 25
2215 3404 2273 3455 et

233 3471 491 3541 pecuniis
529 3473 604 3526 K.
661 3475 680 3542 ΙΙ
732 3477 798 3526 27
839 3471 923 3527 Β.
952 3474 1143 3542 arguit
1193 3474 1286 3527 hec
1349 3473 1499 3527 dicta
1562 3472 1800 3540 inferius
1845 3473 1899 3526 V
1946 3473 2007 3525 in
2042 3489 2215 3542 marg.
2254 3473 2273 3544 Η

235 3549 302 3597 29
343 3543 620 3597 auxilium
655 3543 996 3613 porrexisset
1031 3560 1097 3597 ac
1135 3543 1212 3598 K.
1241 3546 1260 3613 ΙΙ
1289 3549 1355 3598 31
1392 3543 1485 3599 vel
1526 3542 1671 3597 alius
1709 3545 1787 3598 K.

341 3641 568 3684 Hratiu
595 3641 831 3683 anu
860 3643 1268 3683 ed.12hnr.dt
1808 3639 1841 3689 5
