2650 3925
328 219 415 283 36
1292 218 1372 273 m

326 370 610 449 Indulget
655 372 706 429 si
754 370 885 447 quis
930 371 1181 429 miserae
1227 369 1380 429 mihi
1422 369 1634 430 reddat
1680 370 2011 446 alumnum,

420 458 557 520 Sive
602 461 697 518 vir
739 459 971 518 invidia
1016 462 1140 519 sive
1186 461 1268 518 sit
1310 459 1415 518 ille
1463 458 1624 519 deus.

233 569 300 620 *86
329 548 504 608 Hunc
550 548 887 625 quicunque
931 547 1081 606 mihi
1128 567 1232 609 seu
1277 550 1374 608 vir
1418 567 1526 608 seu
1569 549 1796 609 femina
1840 549 1951 607 fiat

417 638 691 712 Duxerit‚
735 638 801 695 in
845 637 1137 698 Venerem
1185 640 1403 697 cuncta
1446 638 1626 697 licere
1672 639 1895 713 siname,

331 726 460 796 Qua
503 727 694 787 lateat
738 726 835 786 vel
880 726 983 802 qui
1030 729 1270 786 tantum
1313 727 1663 803 patefecerit
1709 744 1895 800 oram,

416 816 518 874 Illi
563 835 673 893 ego
717 835 827 891 pro
873 815 1102 876 meritis
1149 816 1408 893 spondeo
1454 815 1768 875 basiolum.

328 904 610 981 Prospice
654 924 730 964 ne
771 906 1075 964 incassum
1119 905 1309 964 statui
1352 904 1467 964 tibi
1510 905 1670 966 dona
1711 904 1964 979 laboreS,

247 1015 301 1055 80
420 994 583 1064 Quae
628 996 913 1071 poterunt
956 994 1118 1071 ipsos
1165 994 1487 1054 sollicitare
1534 994 1689 1054 deos.

328 1084 493 1143 Neve
540 1083 741 1143 oculos
786 1082 964 1142 fallat
1006 1085 1139 1142 nati
1184 1083 1496 1143 volitantis
1541 1085 1762 1161 imagO,

420 1171 609 1249 Signa
652 1173 859 1247 feram,
906 1192 1023 1248 quo
1071 1173 1151 1231 sit
1192 1172 1395 1233 notior
1438 1173 1543 1231 ille
1588 1172 1720 1231 tibi.

328 1261 561 1321 Incedit
603 1261 801 1321 nudus
846 1281 997 1338 puer
1042 1264 1103 1321 et
1148 1262 1276 1321 sine
1320 1261 1547 1321 lumine
1592 1261 1814 1337 vultus,

417 1350 758 1427 Purpureas
803 1352 1000 1410 tenuis
1045 1350 1303 1410 ventilat
1348 1370 1498 1410 aura
1542 1368 1758 1411 comas.

249 1459 301 1499 35
331 1440 640 1516 Dependet
684 1440 969 1515 pharetra
1014 1460 1086 1499 ex
1128 1439 1410 1514 humeris,
1457 1439 1673 1516 quibus
1721 1439 1956 1499 addidit
2001 1441 2129 1500 alas

417 1529 554 1605 Ipse
598 1531 790 1604 pater,
834 1528 1109 1589 manibus
1153 1532 1332 1608 ignea
1375 1530 1502 1588 tela
1548 1531 1719 1607 gerit.

327 1617 419 1678 Ne
464 1636 650 1693 prope
698 1619 779 1677 sis
824 1621 1001 1694 rapto
1047 1637 1182 1678 cum
1226 1618 1418 1677 telum
1460 1619 1770 1677 intorserit
1818 1636 1975 1693 arcu,

418 1707 542 1766 Nec
589 1710 817 1783 spectes
862 1709 1054 1766 teneri
1101 1708 1330 1783 quanta
1374 1708 1454 1767 sit
1498 1709 1593 1766 ira
1638 1707 1751 1765 dei.

330 1796 510 1854 Multi
555 1798 738 1855 etiam
782 1796 967 1855 fortes
1014 1814 1247 1855 sensere
1295 1793 1606 1873 Cupidinis
1651 1798 1824 1870 ictus»,

247 1903 303 1944 40
422 1884 611 1960 Saepe
658 1884 823 1943 dedit
867 1885 1051 1943 Marti
1095 1886 1362 1963 vulnera,
1407 1904 1587 1962 saepe
1630 1884 1779 1945 Iovi.

330 1975 427 2034 Ah
473 1974 746 2050 quotiens
792 1974 1037 2034 miseros
1082 1994 1242 2036 vana
1285 1993 1392 2051 spe
1435 1975 1585 2034 lusit
1629 1980 1899 2035 amantes

420 2065 501 2123 Et
546 2063 874 2140 desperatis
919 2066 1065 2124 vota
1110 2065 1369 2123 secunda
1415 2063 1609 2124 dedit!

329 2153 604 2212 Blandiri
650 2155 937 2228 assuetus,
986 2154 1088 2212 sed
1131 2154 1292 2213 fellis
1341 2153 1602 2213 amarior
1643 2154 1867 2213 haustu

421 2242 607 2302 Plena
651 2262 982 2302 venenosae
1027 2245 1271 2320 pectora
1315 2242 1545 2303 fraudis
1590 2242 1787 2301 habet.

249 2351 302 2389 45
333 2332 522 2407 Saepe
567 2330 734 2390 iubet
780 2332 1064 2391 simulare
1111 2334 1173 2391 et
1215 2332 1494 2393 lascivire
1539 2332 1774 2412 puellas

419 2420 586 2479 Inter
632 2423 928 2481 amatores
975 2420 1357 2496 officiumque
1402 2424 1601 2500 negat.

333 2509 558 2569 Saltem
606 2512 658 2570 si
704 2529 824 2586 qua
866 2510 1018 2569 1111111
1061 2510 1384 2570 violentior
1429 2528 1578 2569 aura
1622 2511 1897 2587 fugacem

420 2599 740 2674 Restituat‚
784 2617 1029 2674 possum
1075 2602 1271 2659 cetera.
1317 2598 1537 2659 damna
1580 2601 1726 2676 pati.

331 2689 411 2747 Ni
455 2689 731 2747 reducem
774 2689 1025 2749 miserae
1072 2688 1345 2747 dederint
1387 2689 1491 2765 pia
1535 2688 1783 2748 numina
1827 2691 2058 2763 natum,

252 2794 304 2835 50
422 2777 732 2853 Spectabit
774 2795 996 2853 paucos
1040 2778 1143 2836 vix
1186 2796 1321 2837 mea
1365 2779 1495 2836 vita
1540 2778 1682 2837 dies.

1261 2875 1432 2930 Finit.
