2650 3925
1099 198 1469 254 PORCARIA

260 349 399 411 Otia
441 351 724 411 mortales
768 351 1033 427 finesque
1079 369 1317 430 egressa
1360 350 1623 410 modesti

28 457 35 466 ‘
160 465 235 504 440
257 439 528 500 Libertas
572 441 826 499 nimium
869 460 1185 517 rerumque
1232 443 1488 500 exaucta
1532 438 1843 517 superbit?

261 529 412 600 Quid
454 529 688 590 faciunt
730 531 951 605 miseri,
995 530 1113 589 tibi
1155 548 1290 589 cum
1337 530 1619 589 caelestia
1661 532 1877 605 parent

257 619 599 695 Infernique
644 616 851 678 sinus?
894 618 1017 678 Ubi
1060 636 1220 678 nunc
1263 618 1440 678 vetus
1485 619 1591 678 ine
1634 619 1904 694 priorum

257 710 563 767 Virtutum
608 707 851 785 fulgor?
895 708 1088 767 Vetus
1131 707 1260 767 illic
1304 708 1499 767 Roma
1543 709 1816 783 quiescit,

256 796 457 856 Robur
501 800 561 856 et
607 815 775 858 arma
819 796 1042 856 virum:
1088 801 1393 873 nequeunt
1435 815 1846 857 mansuescere
1889 800 2134 856 tantum

153 909 230 949 44⁵
256 879 588 963 Relliquiae
634 885 955 963 sordesque
998 885 1330 960 hominum,
1375 905 1524 963 quos
1570 886 1835 962 undique
1879 886 2104 945 fluxum

259 974 526 1035 Confecit
568 976 824 1052 populos
871 977 1135 1035 extrema
1179 976 1244 1034 in
1289 978 1565 1052 tempora
1610 976 1844 1053 vulgus.

253 1063 454 1124 Hosne
498 1065 671 1123 iuvat
716 1065 962 1144 saevire,
1007 1066 1227 1124 iterum
1274 1064 1435 1140 quod
1476 1066 1717 1125 moenia
1760 1083 1966 1124 rursus

255 1154 493 1213 Extruis
540 1156 602 1213 et
645 1153 916 1229 Romam,
963 1155 1018 1214 si
1062 1173 1182 1230 qua.
1227 1156 1338 1228 est,
1382 1153 1717 1232 insignibus
1764 1170 1944 1213 ornas

254 1242 626 1318 Extollisque
672 1243 885 1320 opibus
929 1260 1259 1320 pacemque
1302 1243 1599 1319 impendis
1645 1244 1707 1301 et
1752 1261 1976 1301 annum

147 1353 228 1395 450
254 1330 549 1391 Laetitiae
594 1335 859 1391 exortem
902 1332 1095 1407 bellis,
1140 1332 1298 1391 unde
1346 1350 1528 1391 aurea
1570 1331 1767 1409 fulget

252 1421 443 1481 Roma
489 1424 552 1480 et
595 1422 892 1500 congesffis
939 1420 1150 1496 opibus
1197 1421 1506 1481 cumulata
1549 1421 1903 1497 triumphat,

251 1508 519 1569 Reddere
565 1512 913 1587 praereptos
958 1512 1181 1569 iterum
1225 1509 1507 1588 dignatus
1553 1510 1807 1570 honores

250 1599 333 1658 Et
380 1600 555 1659 civile
601 1599 796 1676 decus,
843 1618 1051 1659 census
1098 1617 1316 1678 augere
1360 1602 1641 1675 paternos

252 1685 544 1747 Omnibus
589 1690 650 1748 et
693 1690 889 1747 maior
929 1707 1129 1747 rerum
1174 1688 1319 1747 data
1365 1687 1540 1764 copia
1585 1685 1871 1764 templis?

141 1799 224 1840 455
250 1777 362 1837 His
409 1796 779 1853 quamquam
824 1779 1089 1854 aspirent
1133 1777 1406 1837 felicibus
1453 1779 1656 1839 omnia
1699 1777 1843 1837 fatis
1856 1821 1873 1852 ‚

250 1866 342 1925 Tu
386 1870 589 1926 tamen
635 1867 866 1927 excelsa
908 1867 1315 1926 moderantius
1363 1869 1529 1925 utere
1574 1869 1735 1926 sorte

248 1955 614 2034 Imperiique
659 1975 860 2016 manu.
950 1956 1184 2017 Meritis
1229 1956 1515 2017 excellere
1560 1957 1737 2017 malis

246 2047 332 2105 Et
375 2041 604 2123 pietate
651 2046 821 2119 alios,
867 2065 1021 2122 quae
1066 2046 1195 2105 sola
1239 2047 1304 2104 in
1350 2046 1621 2122 principe
1664 2047 1857 2106 virtus

247 2136 511 2210 Eminet,
557 2136 893 2212 exemplum
941 2153 1075 2194 cum
1121 2136 1202 2194 sis
1246 2136 1496 2210 pietatis
1543 2138 1604 2194 et
1649 2137 1861 2194 auctor

133 2247 220 2287 460
247 2224 409 2283 Ante
454 2242 656 2284 omnes
703 2224 870 2284 decet
915 2242 1042 2284 esse
1087 2226 1255 2300 pium
1301 2224 1683 2300 monitusque
1728 2241 2015 2299 supernos

249 2312 492 2372 Fortius
539 2314 804 2389 accipere
850 2316 1031 2390 atque
1075 2314 1196 2389 ipsi
1239 2331 1360 2373 non
1404 2332 1648 2390 parcere
1692 2314 1874 2387 vitae,

252 2399 320 2459 Si
364 2401 570 2460 iubeat
613 2402 826 2478 pietas.
916 2401 1286 2478 Populorum
1331 2404 1460 2462 vita
1508 2403 1785 2479 salusque

248 2490 325 2548 In
372 2491 434 2548 te
480 2491 690 2564 omnis,
736 2492 1021 2567 cuiusque
1066 2491 1331 2550 humeris
1376 2490 1744 2551 incumberet
1790 2489 1951 2550 orbis

247 2578 497 2637 Milibus
544 2598 576 2638 e
620 2582 810 2639 tantis
855 2598 991 2639 cum
1033 2581 1230 2639 factus
1276 2580 1353 2639 ab
1399 2580 1636 2639 aethere
1681 2580 1917 2658 dignus.

129 2690 218 2731 465
248 2667 378 2727 Nec
421 2667 556 2744 tibi,
601 2669 702 2727 sed
746 2671 893 2729 totis
938 2671 1209 2748 genitum
1252 2672 1357 2745 pia
1402 2688 1545 2729 cura
1590 2670 1834 2746 superni

246 2757 530 2817 Instituit
572 2759 838 2834 populis:
885 2775 1025 2836 ergo
1071 2760 1466 2833 reminiscere,
1513 2757 1753 2834 quando
1801 2803 1815 2817 .
1848 2802 1860 2815 .
1889 2802 1904 2817 .

248 2844 546 2906 Gentibus
595 2866 720 2907 esse
767 2849 950 2923 caput
994 2846 1334 2923 mundoque
1377 2843 1723 2924 impendere
1768 2847 1949 2926 legeS,

248 2935 485 2995 Siderei
527 2935 760 2996 meritis
803 2936 1106 2996 recludere
1151 2936 1365 2995 limina.
1410 2937 1579 3012 caeli,

244 3023 580 3104 Indignata
623 3025 769 3085 viris
816 3044 1129 3102 exposcere
1173 3027 1423 3085 numina
1467 3044 1695 3102 pacem.

123 3136 216 3175 470
248 3115 420 3173 Tunc
467 3115 612 3173 deus
658 3117 892 3191 aspexit
934 3113 1242 3189 mundum,
1287 3134 1423 3174 cum
1469 3115 1642 3175 dulce
1687 3115 1906 3174 ferenti

246 3203 497 3263 Pondus
545 3222 677 3262 eras
722 3206 922 3280 matri,
966 3207 1114 3263 tunc
1160 3204 1411 3263 arrisere
1458 3204 1686 3265 corusci

245 3292 519 3353 Numina
565 3295 777 3352 cuncta
823 3293 952 3370 poli
996 3296 1057 3352 et
1100 3295 1335 3369 patriae
1382 3311 1515 3370 spes
1562 3296 1741 3353 aucta
1785 3292 2056 3367 Latinae,

249 3379 407 3440 Cum
449 3385 521 3441 tu
563 3383 821 3441 maiores
868 3381 1147 3442 adolebas
1193 3382 1411 3460 dignus
1455 3382 1520 3441 in
1566 3402 1753 3443 annos

395 3570 528 3638 post
562 3587 610 3624 v.
640 3575 744 3624 466
782 3569 972 3625 nescio
1010 3588 1082 3624 an
1120 3569 1395 3625 exciderit
1430 3569 1650 3639 aliquid

358 3668 585 3709 Horatius
611 3669 850 3711 Romanus
877 3670 950 3712 ed.
976 3670 1292 3712 Iaehnerdt.
1823 3664 1855 3710 3

2197 200 2285 265 33
