2650 3925
341 174 429 242 34
1318 173 1372 226 11

342 325 546 400 Atque
592 325 802 403 ingens
848 326 1041 385 virtus
1085 325 1333 383 meritos
1379 326 1677 400 spectaret
1719 324 1987 384 honores.

232 434 312 476 4⁷5
343 415 596 492 Surgere
640 416 765 473 iam
809 416 1049 491 poterat
1093 414 1365 492 neglecta
1412 416 1474 472 et
1516 413 1793 489 squalida
1836 414 2032 482 Roma

341 505 425 563 Et
467 506 692 563 veteres
738 503 978 563 haurire
1025 504 1255 562 animos
1300 505 1609 579 maiorque
1655 497 1867 577 videri,

344 594 497 651 Tum
544 611 778 668 quoque
824 593 1126 652 communi
1168 590 1316 650 felix
1362 591 1696 652 adolescere
1742 594 1920 670 sorte,

345 681 493 740 Cum
538 681 750 741 melior
793 700 902 758 per
945 683 1006 740 te
1050 680 1229 759 longe
1274 680 1393 741 sibi
1436 680 1709 740 redditur
1754 679 1927 740 orbis,

342 771 502 830 Ante
548 774 687 830 tuos
735 771 901 829 ortus
946 769 1351 829 miserandum
1399 773 1460 829 et
1505 770 1701 830 flebile
1746 790 1966 829 numen

237 880 317 921 480
343 860 537 919 Roma
581 859 713 919 fuit.
807 857 1075 919 Tandem
1118 860 1387 936 triplices
1432 854 1663 919 laetata
1707 879 1818 935 per
1861 877 2065 920 omnes

347 949 433 1008 Te
479 950 757 1026 surgente
803 948 1045 1025 gradus,
1091 947 1304 1007 tribuit
1352 967 1500 1024 quos
1547 948 1696 1024 ipsa,
1741 951 2003 1008 meretur

345 1038 503 1098 Ante
551 1038 702 1098 alias
749 1039 988 1097 veniam
1032 1037 1285 1113 populos
1332 1040 1607 1113 spectata
1649 1056 1758 1113 per
1802 1056 2004 1098 omnes

348 1126 533 1187 Sacra
580 1126 686 1185 diu
729 1145 1061 1203 nomenque
1105 1129 1280 1185 tuum
1324 1127 1733 1204 templumque
1779 1126 2004 1186 dicabit

348 1214 665 1276 Gentibus:
711 1216 808 1275 hic
853 1218 1018 1275 totus
1064 1215 1288 1275 Romae
1334 1215 1662 1275 laetabitur
1707 1215 1883 1275 orbis,

239 1325 319 1367 480
350 1305 445 1364 Sis
491 1308 666 1382 pater
711 1323 851 1382 ergo
898 1322 1127 1363 memor
1169 1306 1404 1381 patriae
1451 1305 1685 1368 telluris
1732 1307 1967 1364 amatae

347 1394 727 1469 NuminibuS,
775 1396 1000 1453 cineres
1046 1393 1151 1452 ubi
1195 1393 1291 1453 tot
1333 1394 1713 1453 tumulantur
1756 1396 1817 1453 et
1862 1410 1997 1452 ossa

347 1482 706 1545 Pontificum
753 1501 1038 1558 sacroque
1082 1483 1392 1542 hominum
1436 1484 1686 1559 perfusa
1730 1501 1939 1548 cruore

348 1572 628 1647 Undique
674 1575 837 1631 terra
880 1571 1070 1631 rubet.
1161 1572 1334 1631 Fidei
1377 1574 1581 1631 manet
1626 1573 1753 1630 alta
1797 1589 2102 1647 supernae-

349 1661 466 1721 Hic
510 1662 615 1737 pia
658 1661 895 1739 relligio
943 1680 1150 1720 verum
1197 1663 1383 1737 caput
1425 1660 1590 1722 urbis
1638 1665 1699 1720 et
1744 1679 1917 1720 omne

242 1770 323 1811 490
349 1751 597 1826 Imperii
642 1749 819 1818 decus
865 1743 927 1809 et
971 1748 1155 1824 Petri,
1202 1750 1297 1809 cui
1343 1751 1635 1827 sanguine
1679 1750 1908 1825 primus

349 1838 566 1899 Partus
612 1840 801 1899 honos
844 1839 1059 1914 templi
1104 1839 1386 1914 caeloque
1432 1839 1635 1899 infusa
1677 1842 1960 1915 potestas,

352 1929 512 2008 Ergo
556 1930 777 1989 iterum
826 1928 1097 1989 altricem
1141 1928 1351 1988 mundi
1396 1930 1570 2005 pater
1614 1927 1813 2005 aspice
1858 1931 2100 1988 terram.

248 2018 255 2025 ’
349 2019 617 2094 hperat
659 2018 764 2077 ille
812 2018 937 2077 deis
983 2019 1263 2078 fortunae
1312 2022 1373 2078 et
1415 2018 1593 2077 rebus
1640 2021 1703 2077 et
1746 2019 1942 2093 astris,

354 2106 471 2177 Qui
516 2107 632 2167 sibi
676 2126 785 2166 nec
830 2108 1067 2183 patitur
1110 2107 1326 2167 mentis
1374 2107 1707 2167 sordescere
1752 2107 1954 2166 lumen

244 2217 324 2258 495
350 2197 609 2272 Vimque
629 2231 634 2238 -
657 2195 859 2270 animi,
903 2196 1164 2272 imponit
1209 2198 1315 2271 qui
1358 2197 1529 2257 frena
1571 2196 1813 2255 libidini
1858 2198 1921 2256 et
1963 2196 2106 2256 irae.

352 2285 465 2345 Ille
513 2285 755 2361 quidem
800 2286 947 2344 felix
991 2285 1266 2363 princeps
1313 2287 1377 2344 et
1421 2286 1633 2345 celsior
1677 2286 1842 2345 omni

354 2374 615 2451 Imperio
662 2377 723 2434 et
765 2373 1005 2451 populis
1051 2374 1263 2449 opibus
1311 2393 1546 2450 quoque
1592 2376 1786 2436 maior
1831 2377 1894 2433 et
1936 2376 2136 2435 armis,

353 2463 519 2523 Haec
563 2466 886 2540 postquam
931 2464 1160 2540 effatuS,
1208 2462 1407 2523 subito
1453 2464 1622 2523 velut
1664 2463 1877 2522 umbra
1920 2465 2168 2523 recessit

357 2552 618 2629 Spiritus
666 2552 751 2620 ad·
786 2570 990 2613 manes
1038 2570 1368 2630 corpusque
1414 2552 1664 2629 reliquit
1706 2555 1770 2611 in
1814 2572 1982 2611 urna.

249 2661 329 2702 500
356 2641 447 2701 Ac
491 2642 684 2701 veluti
727 2641 951 2719 ignitas
996 2643 1050 2702 si
1096 2640 1333 2718 quando
1381 2660 1489 2718 per
1535 2642 1780 2701 aethera
1829 2660 2064 2702 sursum

354 2729 582 2791 Intenti
629 2731 949 2807 aspicimus
996 2734 1177 2790 noctu
1220 2731 1477 2793 volitare
1521 2730 1781 2804 favillae,

354 2820 504 2898 Igne
550 2821 775 2879 micant
817 2820 1005 2894 tenui,
1048 2838 1185 2880 mox
1230 2820 1401 2878 nulla
1446 2822 1511 2878 in
1556 2837 1806 2896 corpora
1849 2820 2057 2895 lapsae

356 2909 672 2983 Deficiunt,
719 2907 915 2968 subito
964 2911 1208 2984 aspectu
1253 2909 1570 2969 solvuntur
1613 2910 1679 2967 in
1724 2926 1918 2982 auraS‚

357 2990 488 3057 Aut
531 2998 637 3057 ubi
683 3016 863 3074 quam
909 2997 1071 3058 sidus
1116 2998 1334 3076 vulgus
1378 2999 1556 3074 putat
1598 2999 1778 3076 ignea
1823 2999 2011 3057 currit

252 3108 331 3148 505
358 3088 537 3146 Rima
581 3087 738 3164 pole,
785 3087 963 3147 celeri
1005 3089 1186 3163 raptu
1232 3106 1295 3148 se
1341 3087 1546 3147 condit
1589 3088 1654 3145 in
1699 3086 1894 3147 astris,

500 3273 629 3333 finit
666 3275 959 3331 secundus.
