2650 3925
373 201 417 273 6
1369 209 1421 263 11

372 359 621 419 Faverit
666 361 727 417 et
774 358 904 418 diro
952 360 1240 436 spirarint
1285 360 1535 419 numina
1580 362 1722 421 voto
1735 358 1766 418 *Ρ

292 469 347 508 40
375 448 660 507 Romanis
707 447 884 507 decor
926 465 1081 508 unus
1126 467 1278 523 eras,
1326 448 1541 525 quibus
1588 448 1804 509 obruta
1847 451 2040 509 virtus
2125 488 2129 491 <

375 537 572 597 Fulsit
617 539 679 597 et
724 540 1000 596 externae
1029 556 1153 614 per
1196 541 1257 597 te
1304 538 1423 597 fuit
1467 539 1706 598 aemula
1748 538 1930 597 laudi.

375 627 587 686 Nonne
635 626 783 686 satis
829 628 993 685 fama
1038 626 1285 687 celebris
1330 626 1600 704 nullique
1645 627 1903 687 secunda

374 714 679 775 Laudibus
727 719 905 775 aucta
947 715 1070 775 tuis
1114 716 1329 776 domus
1376 717 1682 776 illustrata
1725 716 2045 792 triumphis

375 803 600 878 Portia,
647 804 879 865 divinos
925 805 1135 864 tulerit
1179 806 1323 865 licet
1366 807 1499 881 ipsa
1548 804 1842 866 Catones?

293 914 348 954 45
378 893 635 953 Servitio
676 896 792 971 qui
835 897 895 953 te
941 912 1306 970 quamquam
1352 897 1591 954 vetuere
1636 896 1839 970 potiri,

374 983 512 1042 Non
556 986 758 1042 tamen
802 984 1064 1042 humano
1110 983 1398 1042 scelerare
1442 986 1508 1043 in
1555 985 1843 1062 sanguine
1889 984 2128 1043 dextras

375 1071 664 1148 Exemplo
711 1071 963 1131 docuere
1009 1091 1117 1131 suo
1164 1090 1272 1131 nec
1317 1091 1585 1150 mergere
1631 1073 1805 1133 cives.

373 1161 549 1220 Nunc
593 1161 886 1220 inhonora
929 1160 1139 1221 domus
1184 1163 1421 1238 patriae
1465 1162 1717 1220 illatura.
1761 1181 2016 1238 perenne

374 1249 644 1310 Dedecus
691 1253 752 1309 et
795 1251 999 1309 tristes
1046 1251 1291 1309 aeterna
1337 1251 1399 1309 in
1447 1251 1686 1311 saecula
1729 1251 1942 1310 luctus.

295 1358 347 1399 5ο
375 1338 510 1399 Non
559 1339 701 1398 solis
746 1339 947 1398 radios
991 1341 1057 1398 in
1099 1343 1162 1398 te
1209 1341 1479 1416 spectare
1526 1340 1792 1399 cadentis

374 1427 494 1488 Fas
541 1429 657 1487 erit
701 1430 809 1487 aut
852 1429 1057 1487 lunam
1101 1432 1345 1489 tenuem
1390 1448 1500 1489 nec
1544 1428 1753 1489 sideris
1800 1430 2068 1488 aethram
2098 1474 2111 1488 .
2145 1475 2157 1487 .
2188 1476 2199 1487 .
2235 1476 2246 1488 .

374 1516 737 1576 Umbrarum
783 1518 948 1577 sedes
995 1521 1057 1577 et
1099 1519 1309 1597 nigrae
1355 1520 1563 1578 mortis
1607 1520 1825 1597 imago.

376 1604 709 1666 Consilium
754 1607 1067 1681 insulsum,
1114 1626 1249 1666 cum
1292 1607 1593 1667 libertatis
1639 1607 1718 1666 ad
1760 1608 1967 1667 urbem

377 1695 477 1754 Sic
521 1697 582 1754 te
628 1697 816 1754 traxit
861 1714 1047 1771 amor,
1092 1697 1285 1755 lueres
1331 1699 1402 1755 ut
1447 1696 1699 1755 crimina
1743 1698 1995 1756 tantum.

296 1803 348 1845 55
374 1784 475 1854 Ah
522 1787 750 1860 quanto
796 1784 1010 1845 melius
1056 1785 1258 1863 gelida
1300 1784 1417 1844 tibi
1459 1785 1615 1844 ferre
1660 1785 1770 1844 sub
1818 1788 1983 1844 arcto

379 1873 648 1932 Exilium
693 1876 937 1951 gravius
982 1874 1080 1933 vel
1124 1874 1410 1933 honestae
1458 1873 1801 1934 occumbere
1845 1876 2052 1933 morti!

376 1962 475 2022 Ad
520 1966 582 2023 te
627 1983 784 2023 nunc
829 1964 1107 2023 lacrimas
1156 1964 1411 2023 coniunx
1456 1964 1789 2025 miserande
1834 1965 2096 2037 revolvo,

381 2052 494 2111 Cui
538 2053 806 2128 requiem
853 2056 915 2112 et
960 2071 1197 2112 somnos
1244 2056 1432 2129 atque
1472 2053 1565 2112 his
1609 2054 1673 2112 in
1718 2053 1933 2114 finibus
1981 2052 2115 2113 aevi

378 2140 519 2201 Otia
564 2141 828 2201 defessae
872 2141 1047 2201 licuit
1092 2161 1331 2218 sperare
1377 2146 1663 2203 senectae.

296 2251 352 2291 so
378 2229 551 2289 Unde
598 2232 784 2290 animi
828 2232 894 2290 in
937 2232 1169 2292 facinus
1214 2234 1453 2290 tantum
1498 2232 1666 2291 furor
1711 2231 1932 2308 impius
1979 2229 2222 2291 hausit?

376 2318 509 2378 Iam
553 2339 767 2380 manus
812 2320 1071 2380 imbellis
1119 2322 1402 2396 senioque
1446 2321 1761 2380 refrixerat
1806 2321 1999 2395 ardor,

378 2408 462 2467 Te
508 2412 689 2468 noctu
735 2409 1100 2485 amplectens
1144 2411 1319 2486 potui
1366 2412 1587 2469 sentire
1633 2408 1778 2485 quid
1823 2428 1996 2469 esses.

376 2498 474 2555 An
521 2516 797 2575 superum
844 2500 1139 2558 instinctu
1183 2499 1587 2574 mundumque
1633 2499 1975 2577 regentibus
2020 2501 2199 2560 astris

380 2584 729 2648 Credideras
772 2589 1019 2663 impune
1062 2587 1179 2647 tibi
1221 2592 1351 2647 tam
1398 2606 1576 2648 saeva
1621 2588 1800 2647 licere

298 2696 349 2737 65
378 2675 451 2734 In
498 2676 721 2736 scelera
769 2679 829 2735 et
874 2679 1076 2753 patres
1122 2677 1245 2736 iam
1291 2679 1632 2753 conspirare
1677 2676 2007 2739 verendos?

380 2763 527 2834 Quis
572 2769 634 2825 te
680 2769 882 2824 autem
928 2766 1089 2825 sinat
1133 2767 1385 2843 imperio
1432 2765 1799 2843 sceptrisque
1844 2763 2071 2843 potiri?

380 2854 463 2912 Te
510 2873 691 2930 penes
737 2854 896 2914 orbis
942 2859 1059 2930 eat,
1104 2858 1259 2914 nutu
1302 2855 1420 2914 tibi
1463 2855 1687 2914 militet
1732 2856 1940 2915 aether

378 2942 604 3019 Mitior,
649 2947 941 3020 aequatus
986 2943 1109 3004 iam
1154 2944 1277 3003 iam
1321 2963 1509 3021 prope
1557 2945 1752 3004 sidera
1796 2962 2032 3021 regnes:

381 3031 539 3102 Quid
584 3036 826 3109 poteras
873 3035 1112 3109 optasse
1157 3034 1353 3110 magis
1367 3030 1397 3091 Ῥ
1442 3032 1577 3092 Tibi
1622 3034 1796 3112 larga
1838 3033 2117 3106 facultas,

303 3142 356 3184 το
382 3121 602 3198 Ampla
649 3121 860 3181 domus
907 3123 1137 3182 meritis
1184 3125 1246 3182 et
1288 3123 1423 3182 nati
1469 3124 1530 3181 et
1572 3141 1824 3181 munera
1870 3124 1931 3179 et
1977 3119 2205 3198 aurum,

382 3208 621 3280 Quanta
666 3212 832 3270 valet
878 3212 1167 3287 cuiusque
1216 3213 1453 3271 animus
1500 3229 1739 3288 sperare
1784 3211 2054 3271 modesti.

380 3299 510 3359 Imo
549 3319 658 3379 ego
704 3304 782 3375 te,
830 3300 1070 3376 quando
1116 3301 1294 3359 fratri
1337 3301 1645 3360 malesana
1688 3301 1993 3375 timebam,

383 3584 451 3632 55
523 3509 654 3631 past
689 3524 739 3561 v.
771 3512 835 3561 51
903 3523 1046 3560 unus
1100 3505 1190 3561 vel
1251 3505 1442 3576 plures
1507 3523 1697 3562 versus
1760 3507 2023 3563 videntur
2085 3507 2361 3563 excidisse
2403 3514 2425 3581 fl

491 3593 526 3631 a
621 3593 655 3632 o
