2650 3925
883 190 1147 245 ILIADIS
1183 190 1403 245 LIBER
1438 190 1709 245 PRIMVS

1263 442 1345 508 V.

901 578 1143 634 Iliadis
1186 578 1366 634 liber
1408 578 1692 648 primus.

283 717 440 776 Iram
486 717 647 778 Diva
690 718 849 777 refer
892 717 1023 777 nati
1068 716 1276 777 Peleos
1321 717 1549 777 Achilli

283 806 634 866 Pestiferam
679 806 928 881 Danais,
972 809 1174 865 tantos
1223 805 1439 882 quibus
1487 807 1666 866 anxia
1709 807 1906 866 luctus

283 895 518 955 Actulit
560 896 926 971 heroumque
972 895 1203 955 animas
1248 897 1345 955 tot
1388 896 1623 955 miserit
1666 896 1846 955 orcho

281 984 577 1063 Ingentes,
624 983 868 1043 canibus
914 984 1201 1043 lanianda
1246 985 1539 1045 cadavera
1581 986 1809 1061 passim

228 1094 254 1135 5
282 1073 669 1149 Alitibusque
715 1073 894 1133 dedit.
988 1073 1218 1134 Statuit
1263 1075 1349 1134 sic
1393 1074 1643 1151 Iupiter,
1688 1093 1760 1132 ex
1806 1091 1926 1150 quo

280 1162 414 1223 Iam
457 1162 694 1239 pridem
736 1163 980 1223 Atrides
1026 1182 1384 1241 magnorum
1429 1162 1640 1223 ductor
1683 1162 1986 1228 Achivum

282 1252 566 1311 Turbatis
613 1255 841 1312 certare
888 1254 1105 1311 animis
1152 1256 1214 1311 et
1258 1252 1436 1312 divus
1482 1251 1765 1311 Achilles,
1971 1243 1976 1248 ’

370 1339 515 1410 Quis
560 1359 842 1418 superum
885 1340 1075 1401 furias
1121 1340 1435 1401 amborum
1478 1339 1778 1401 mentibus
1825 1338 2036 1401 auxit?

279 1429 514 1490 Latona
558 1431 824 1490 infensus
869 1431 1002 1507 regi
1047 1432 1109 1489 et
1150 1430 1294 1491 Iove
1341 1433 1519 1489 natus
1564 1430 1803 1507 Apelle.

200 1540 253 1580 ιο
280 1518 396 1579 Hic
440 1521 535 1579 ira
577 1522 853 1579 incensus
898 1520 1251 1578 miserorum
1297 1537 1550 1595 corpora
1593 1522 1797 1579 tractu

281 1607 545 1668 Tabifico
592 1610 741 1668 coeli
785 1607 1113 1684 morboque
1157 1608 1370 1669 infecit
1413 1608 1724 1669 Achivum.

277 1696 458 1756 Haud
502 1699 729 1758 veritus
775 1716 1012 1773 nanque
1057 1698 1354 1776 insignem
1401 1700 1818 1774 contempnere
1867 1696 2074 1759 Grisen

276 1786 520 1846 Atrides
566 1790 786 1860 vatem,
828 1787 1053 1846 dudum
1101 1789 1207 1862 qui
1253 1806 1323 1846 ex
1370 1805 1504 1847 arce
1531 1788 1852 1863 ,profectus

276 1877 574 1955 Argivum
618 1875 696 1935 ad
742 1876 992 1936 classem
1036 1876 1324 1955 fulgentis
1371 1876 1579 1936 laurea
1623 1875 1812 1936 Phebi

198 1986 249 2028 15
280 1965 455 2026 Serta
500 1985 710 2045 gerens
756 1968 1173 2042 sceptrumque
1218 1986 1403 2025 manu
1447 1967 1840 2043 mirandaque
1884 1966 2015 2045 regi

276 2055 529 2115 Munera
572 2059 916 2131 prereptam
959 2055 1129 2114 reddi
1175 2055 1292 2114 sibi
1336 2057 1533 2131 poscit
1577 2056 1942 2132 alumpnam.

278 2144 661 2221 Supplicibus
706 2145 970 2205 lacrimis
1019 2162 1220 2204 omnes
1269 2147 1409 2204 ante
1457 2163 1563 2205 ora
1606 2146 1887 2222 precatur

275 2234 686 2310 Ductoresque
733 2232 940 2293 ambos
985 2233 1198 2310 populi
1243 2233 1458 2293 decora
1503 2235 1628 2293 alta
1672 2233 2017 2313 Pelasgum:

365 2321 616 2382 Atridae
663 2341 886 2398 vosque
934 2341 968 2383 o
1015 2323 1216 2382 Danai
1261 2324 1631 2401 fulgentibus
1678 2323 1861 2382 armis

194 2430 250 2471 so
276 2409 566 2487 musta-os,
612 2411 765 2471 coeli
807 2413 976 2471 vobis
1025 2414 1130 2487 qui
1175 2412 1439 2471 culmina
1484 2415 1726 2472 servant

279 2500 345 2559 Si
388 2500 608 2576 predae
653 2501 975 2576 imperium
1018 2500 1248 2560 Priami
1292 2501 1640 2577 reditusque
1686 2501 1971 2562 secundos

275 2587 349 2647 In
395 2590 659 2665 patriam
702 2591 987 2664 prestent,
1033 2607 1235 2649 caram
1280 2590 1433 2649 mihi
1477 2590 1707 2650 reddite
1753 2592 1987 2650 natam!

275 2678 548 2754 Accipite
593 2678 769 2737 haec:
815 2679 1016 2737 meriti
1059 2681 1325 2754 pretium
1373 2681 1496 2739 sint
1537 2698 1786 2738 munera
1829 2681 2005 2739 tanti.

276 2767 596 2846 Fulgorem
641 2767 824 2826 liceat
868 2766 1093 2827 Phoebi
1138 2787 1475 2845 numenque
1521 2771 1733 2843 vereri,

190 2876 246 2917 25
277 2856 467 2927 Quem
510 2855 673 2917 Iovis
718 2860 787 2915 ut
831 2859 1086 2934 gnatum
1131 2860 1334 2918 cuncti
1378 2859 1611 2918 coluere
1657 2857 1924 2936 Pelasgi!

364 2945 687 3006 Assensere
733 2964 937 3005 omnes
982 2948 1140 3006 votis
1188 2951 1247 3006 et
1291 2965 1542 3006 munera
1586 2948 1765 3024 fungi

273 3035 556 3113 Auguris.
646 3035 763 3094 Hic
806 3035 1072 3095 tumidus
1117 3037 1344 3095 furiata
1389 3040 1586 3097 mente
1630 3036 1862 3096 ferebat

275 3123 606 3185 Consilium
650 3124 893 3186 Atrides
939 3126 1244 3201 animique
1290 3129 1615 3204 exaggerat
1656 3127 1797 3201 iras,

273 3213 648 3290 Increpitans
694 3213 842 3273 diris
888 3215 1019 3273 vati
1063 3214 1432 3275 sermonibus
1477 3214 1640 3273 infit:

188 3322 246 3363 so
277 3301 345 3362 Si
387 3305 450 3362 te
495 3303 588 3362 his
635 3304 918 3381 actigerit
962 3302 1218 3363 candens
1263 3303 1501 3363 Aurora
1546 3306 1879 3364 morantem

2232 191 2317 257 39

420 3487 551 3544 Cod.
591 3489 850 3545 Vatican.
887 3489 987 3544 lat.
1028 3494 1169 3545 3908
1217 3490 1314 3545 fol.
1350 3496 1491 3546 1732'.
1563 3490 1795 3546 Homeri
1846 3494 2051 3560 poetae
2096 3491 2198 3545 cla.
2238 3507 2307 3543 ex

269 3577 441 3633 greco
476 3562 538 3615 in
574 3561 758 3616 latinu
793 3561 940 3618 versi
975 3578 1079 3633 per
1115 3562 1360 3618 oratiam
1387 3562 1533 3618 liber
1557 3563 1774 3634 primus
1811 3562 2019 3631 incipit
2054 3560 2228 3630 yliad.
