2650 3925
335 202 441 256 XII
1147 201 1561 257 PRAEFATIO

338 353 592 414 scribere
640 355 840 412 conati
885 356 1045 427 sunt,
1103 353 1264 429 quod
1309 371 1461 429 opus
1508 372 1634 413 esse
1691 352 1936 413 difficile
1983 373 2126 415 sane
2172 357 2234 413 et
2280 374 2375 413 ar·

339 443 524 502 duum
589 444 721 502 iure
780 442 926 502 dicit
986 442 1300 502 Iannotius
1355 442 1658 503 Manettus
1712 444 1778 502 in
1842 445 1972 503 vita
2016 444 2260 503 Nicolai
2302 445 2377 506 V.

339 533 497 591 Nam
564 550 931 608 quamquam
994 532 1218 607 singuli
1280 531 1529 591 Homeri
1591 532 1712 591 loci
1774 533 1898 591 iam
1961 533 2155 592 multo
2219 535 2379 607 ante,

301 665 307 672 -
339 621 509 681 velut
552 621 618 679 in
662 621 967 680 Francisci
1011 621 1269 680 Barbari
1320 620 1476 680 libro
1532 640 1711 697 quem
1758 640 1914 680 anno
1975 623 2144 681 1415
2194 621 2267 680 de
2311 641 2379 680 re

341 712 552 769 uxoria
613 709 802 769 edidit
864 710 1073 769 latinis
1118 710 1389 769 versibus
1435 710 1657 769 redditi
1712 710 2129 786 inveniuntur,
2173 712 2378 769 tamen

340 801 414 857 ut
456 800 590 858 tota
635 800 901 858 carmina
945 799 1057 857 hoc
1101 799 1279 859 modo
1324 800 1794 859 transferrentur
1837 819 1957 860 non
2014 801 2155 859 ante
2199 799 2378 857 Nico-

340 888 427 947 lai
469 889 526 945 V
574 891 834 947 aetatem
878 888 997 948 viri
1041 887 1202 947 docti
1248 906 1493 963 operam
1548 888 1854 948 dederunt.
1948 886 2132 947 Cuius
2191 907 2380 964 quan-

341 980 473 1036 tum
536 978 878 1036 interfuerit
921 977 1254 1037 Homerum
1316 977 1491 1036 illum
1544 996 1683 1037 vere
1747 978 2008 1037 latinum
2070 976 2377 1053 possidere

343 1068 405 1126 et
448 1069 658 1125 notum
704 1068 796 1126 est
839 1084 1034 1142 neque
1092 1064 1269 1125 debet
1291 1060 1295 1065 ’
1321 1065 1718 1125 demonstrari
1772 1067 1948 1144 longe
2005 1066 2172 1126 aliud
2226 1084 2380 1141 opus

343 1157 473 1215 eius
521 1158 720 1214 animo
769 1154 1154 1215 obversatum
1200 1173 1325 1213 esse
1372 1157 1557 1231 atque
1605 1154 1881 1215 Coluccio
1930 1154 2226 1230 Salutato‚
2272 1156 2381 1231 qui

345 1262 501 1303 anno
554 1246 722 1303 1392
784 1245 1117 1303 Antonium
1167 1240 1436 1303 'Luscum
1494 1246 1734 1320 poetam
1780 1248 1851 1304 ut
1909 1245 2109 1322 graeci
2168 1247 2382 1321 poetae

343 1332 540 1393 verbis
599 1333 886 1410 neglectis
945 1352 977 1392 e
1035 1332 1293 1392 barbara
1349 1333 1460 1392 illa
1506 1335 1568 1391 et
1623 1334 1854 1393 inculta
1911 1333 2150 1393 Leontii
2193 1333 2383 1392 Pilati

343 1423 838 1498 interpretatione
903 1441 1142 1482 carmen
1206 1421 1515 1482 heroicum
1578 1423 1801 1482 faceret
1862 1422 2140 1482 hortatus
2204 1426 2312 1481 est.
2324 1415 2380 1504 1)

346 1510 464 1571 Sed
507 1530 583 1569 ne
628 1510 950 1570 Horatium
1013 1511 1254 1587 quidem
1317 1513 1530 1587 poetae
1585 1511 1769 1571 verba
1832 1513 2035 1571 omnia
2083 1514 2243 1571 recte
2289 1513 2382 1570 in-

343 1600 659 1675 tellexisse,
724 1599 993 1661 omisisse
1059 1599 1370 1676 quaedam,
1435 1601 1556 1660 alia
1620 1602 1964 1677 apposuisse
2028 1619 2201 1660 nemo
2261 1618 2383 1660 non

347 1688 594 1764 videbit,
642 1690 981 1765 quicunque
1008 1707 1216 1749 versus
1245 1689 1320 1747 ab
1351 1708 1419 1748 eo
1449 1690 1775 1749 translatos
1804 1709 1939 1750 cum
1965 1692 2136 1749 textu
2165 1707 2382 1767 graeco

348 1779 801 1855 comparaverit.
894 1778 1090 1849 Quare
1129 1779 1364 1838 collatis
1400 1777 1644 1837 Horatii
1680 1782 1741 1838 et
1775 1779 2152 1856 Marsuppini
2186 1782 2380 1838 trans-

344 1867 671 1927 lationibus
733 1886 1099 1943 quamquam
1158 1868 1523 1945 elegantiore
1582 1868 1834 1927 forsitan
1879 1868 1984 1927 ille
2032 1870 2094 1927 et
2138 1867 2376 1943 expedi-

346 1958 500 2017 tiore
546 1956 836 2018 orationis
883 1976 1097 2035 genere
1150 1976 1296 2017 usus
1353 1958 1449 2032 sit,
1503 1956 1921 2017 Florentinum
1982 1959 2186 2017 tamen
2241 1976 2381 2034 poe-

346 2050 475 2106 tam
528 2047 753 2106 maiore
816 2045 931 2106 fide
988 2065 1056 2106 ac
1120 2046 1437 2124 diligentia
1480 2046 1664 2106 verba
1717 2046 1965 2106 Homeri
2029 2047 2384 2124 expressisse

348 2135 747 2196 confitendum
792 2137 899 2195 est.

481 2224 766 2284 Pontifice
822 2244 1021 2285 mense
1076 2224 1296 2283 Martio
1362 2226 1505 2282 anni
1563 2226 1732 2284 1455
1800 2226 2036 2284 mortuo
2090 2224 2384 2283 Horatius

348 2333 716 2390 quamquam
762 2333 881 2375 non
925 2332 1167 2390 prorsus
1214 2314 1421 2373 omisit
1463 2315 1691 2372 minore
1738 2317 1896 2373 certe
1951 2313 2249 2373 industria
2291 2314 2383 2371 in-

352 2402 539 2462 dulsit
584 2405 765 2478 operi.
860 2401 1138 2462 Scribatu
1184 2405 1387 2461 autem
1443 2401 1771 2478 apostolico
1826 2421 2004 2479 quem
2050 2421 2088 2461 a
2131 2402 2386 2462 Nicolao

351 2495 663 2569 acceperat
708 2493 889 2552 etiam
936 2491 1305 2568 temporibus
1353 2491 1479 2551 eius
1525 2491 1824 2567 pontificis
1873 2494 1977 2568 qui
2019 2491 2112 2550 illi
2157 2509 2385 2551 succes·

351 2585 514 2641 serat
558 2582 797 2640 functus
844 2583 953 2657 est,
999 2599 1133 2640 cum
1159 2583 1225 2639 in
1270 2581 1575 2640 volumine
1621 2581 2015 2657 epistularum
2045 2579 2265 2640 Calixti
2290 2579 2390 2639 ΙΙΙ

353 2678 568 2729 n'omen
616 2671 744 2728 eius
787 2670 1043 2747 legatur,
1098 2689 1216 2747 quo
1262 2670 1541 2746 apposito
1597 2671 2012 2747 apographum
2073 2690 2209 2730 cum
2261 2670 2388 2746 epi·

351 2759 509 2820 stola
544 2759 826 2836 originali
855 2761 1188 2819 consentire
1214 2750 1736 2840 confirmaverit.²)
1828 2758 2092 2836 Cumque
2119 2759 2297 2818 Pium
2322 2758 2390 2817 II

354 2847 696 2925 pontificem
742 2849 1149 2925 compluribus
1195 2847 1587 2908 celebraverit
1614 2847 1994 2922 carminibus,
2026 2850 2173 2925 quin
2201 2848 2390 2907 etiam

352 2941 561 3013 postea
608 2937 771 3012 apud
817 2937 1046 2996 curiam
1089 2937 1307 2997 vixerit
1351 2955 1471 2995 non
1518 2938 1608 2996 est
1659 2936 2067 2996 dubitandum.
2160 2936 2390 3007 Quibus

352 3031 564 3102 poetae
609 3026 955 3086 muneribus
1000 3027 1071 3085 ut
1114 3028 1369 3102 pecunia
1415 3046 1548 3084 eum
1599 3026 2003 3087 honoribusve
2046 3044 2390 3085 remunera·

353 3119 519 3175 retur
562 3114 740 3174 Pium
786 3115 1110 3174 adductum
1156 3131 1284 3175 esse
1330 3116 1432 3174 vix
1478 3115 1858 3192 crediderim,
1905 3118 2129 3192 quippe
2176 3114 2283 3191 qui
2328 3116 2391 3173 et

354 3205 481 3281 ipse
526 3206 622 3264 vir
665 3204 1044 3265 doctissimus
1090 3206 1465 3281 scriptorque
1521 3205 1811 3264 excellens
1868 3204 2227 3264 carminibus
2274 3203 2392 3262 sibi

502 3360 555 3428 1)
591 3356 935 3426 Epistolario
975 3356 1035 3410 di
1073 3355 1204 3410 Col.
1246 3355 1558 3410 Salutati
1595 3356 1682 3409 ed.
1722 3355 1972 3410 Novati
2009 3355 2076 3419 Π,
2114 3360 2233 3408 354.
2266 3357 2390 3408 898.

501 3432 555 3500 2)
594 3429 657 3484 G.
694 3429 948 3497 Amati,
984 3428 1210 3483 Notizia
1247 3429 1308 3482 di
1345 3427 1534 3482 alcuni
1570 3427 1925 3481 manoscritti
1971 3426 2103 3479 dell'
2142 3425 2391 3480 archivio

358 3501 936 3628 {ecfetssO-Vaticano
1037 3500 1300 3555 Archivio
1376 3500 1581 3555 storico
1652 3498 1774 3553 ital.
1840 3499 1953 3554 Ser.
1983 3498 2079 3567 ΠΙ,
2141 3497 2265 3552 Vol.
2294 3496 2391 3565 111,
