2650 3925
1047 1000 1524 1078 Praefatio,

407 1273 496 1331 De
542 1272 796 1332 Horatio
854 1271 1125 1334 Romano
1183 1274 1527 1331 litterarum
1584 1271 2021 1330 renascentium
2086 1272 2305 1330 aetatis

270 1364 469 1438 poeta,
516 1363 622 1437 qui
654 1362 793 1421 inde
831 1382 868 1421 a
910 1362 1280 1438 temporibus
1315 1361 1558 1421 Nicolai
1591 1358 1649 1415 V
1687 1378 1882 1436 papae
1927 1359 2104 1418 laude
2153 1362 2303 1419 artis

270 1450 539 1527 poeticae
585 1452 744 1527 apud
791 1451 1069 1527 aequales
1113 1451 1334 1526 floruit,
1381 1449 1701 1510 admodum
1744 1467 1937 1524 pauca
1980 1451 2301 1508 memoriae

267 1540 511 1616 prodita
574 1543 729 1599 sunt.
819 1540 913 1598 Ne
975 1558 1191 1599 nomen
1255 1539 1495 1615 quidem
1558 1537 1931 1616 gentilicium
1994 1540 2303 1616 cognitum

268 1627 582 1703 habemus;
645 1646 1005 1704 praenomen
1051 1629 1125 1687 ab
1170 1630 1322 1705 ipso,
1387 1647 1520 1688 cum
1586 1626 1821 1687 Galixto
1866 1626 1960 1685 ΠΙ
2022 1627 2304 1703 pontifice

269 1736 425 1775 max
472 1717 778 1819 scriptoris
833 1718 1148 1793 apostolici
1197 1737 1439 1776 munere
1503 1718 1866 1819 fungeretur,
1931 1715 2302 1775 scribebatur

269 1804 591 1880 Horacius,
654 1807 720 1864 in
784 1807 1114 1866 carminum
1178 1809 1383 1866 autem
1443 1825 1597 1882 quae
1658 1805 1915 1866 inveniri
1977 1808 2304 1881 potuerunt

267 1894 757 1997 inscriptionibus
818 1897 1042 1975 legitur
1086 1894 1335 1956 Oracius
1388 1896 1487 1956 vel
1534 1893 1805 1970 OratiuS,
1869 1896 2177 1971 utiturque
2225 1915 2295 1954 ea

268 1985 525 2044 nominis
599 1986 793 2045 forma
851 1986 892 2044 J
894 2005 1113 2046 oannes
1175 1987 1440 2062 Vahlen,
1513 2005 1649 2045 cum
1711 1985 1972 2045 breviter
2034 1986 2165 2063 agit
2227 1985 2299 2044 de

267 2077 447 2150 poeta
519 2076 585 2133 in
658 2077 1082 2135 commentario
1157 2077 1263 2151 qui
1332 2074 1680 2136 inscribitur
1730 2074 2043 2133 Laurentii
2087 2073 2301 2133 Vallae

267 2165 554 2239 opuscula
615 2165 739 2223 tria
803 2157 1378 2246 (Sitzungsberichte
1443 2165 1498 2224 d.
1545 2165 1723 2241 phil.-
1703 2163 1871 2224 -hist.
1936 2163 2137 2222 Classe
2194 2163 2301 2222 der

265 2252 429 2312 Kais.
475 2252 668 2316 Akad.
708 2254 812 2313 der
847 2254 1205 2315 Wissensch.
1243 2255 1362 2314 vol.
1389 2253 1544 2327 LXI,
1571 2253 1749 2312 Wien
1795 2253 1984 2327 1869,
2030 2272 2085 2328 p.
2119 2253 2244 2311 377
2251 2245 2295 2333 >

400 2341 689 2402 Horatius
735 2343 971 2419 quando
1018 2346 1196 2403 natus
1242 2345 1326 2403 sit
1368 2345 1644 2420 ignotum
1681 2346 1788 2417 est,
1832 2361 2021 2399 unum
2067 2360 2299 2400 summa

267 2447 402 2488 cum
446 2433 575 2490 veri
619 2434 812 2507 specie
868 2432 990 2493 dici
1040 2435 1242 2508 potest
1301 2434 1500 2509 prima
1564 2433 1711 2491 artis
1773 2431 2045 2507 poeticae
2109 2432 2295 2504 speci—

265 2520 432 2582 mina
494 2519 653 2579 circa
714 2520 978 2580 medium
1040 2522 1344 2582 saeculum
1408 2522 1685 2596 quintum
1747 2519 2040 2579 decimum
2095 2518 2170 2577 ab
2227 2539 2297 2578 eo

265 2626 392 2667 esse
456 2608 634 2667 edita.
728 2609 922 2679 Quare
969 2612 1023 2668 si
1072 2643 1148 2651 —
1199 2609 1263 2667 id
1325 2609 1485 2685 quod
1549 2628 1585 2667 a
1648 2628 1789 2670 vero
1852 2609 1955 2668 vix
2016 2607 2296 2669 videatur

264 2697 581 2756 abhorrere
627 2729 713 2738 —
759 2698 984 2757 Romae
1031 2700 1395 2774 optimarum
1441 2700 1662 2757 artium
1708 2697 1921 2757 studiis
1971 2698 2294 2772 imprimis-

264 2805 379 2861 que
447 2787 691 2864 linguae
783 2805 1031 2865 graecae
1122 2786 1468 2847 ediscendae
1542 2806 1785 2863 operam
1856 2805 1991 2845 eum
2065 2786 2296 2845 dedisse

264 2874 644 2951 arbitramur,
689 2876 1014 2952 praeclaris
1049 2878 1253 2952 potuit
1278 2878 1372 2935 ufi
1407 2878 1741 2955 magistris:
1788 2873 2043 2952 Georgio
2072 2875 2294 2951 Trape-

263 2966 483 3040 zuntio,
541 2963 867 3025 Laurentio
914 2965 1111 3040 Valla,
1169 2965 1479 3026 Theodoro
1529 2963 1688 3024 Gaza
1740 2967 1884 3025 tunc
1940 2965 2102 3041 apud
2157 2962 2294 3023 Stu-

263 3052 430 3111 dium
492 3053 652 3130 quod
715 3054 936 3114 dicitur
996 3054 1334 3114 Romanum
1405 3055 1767 3114 rhetoricam
1839 3056 2294 3132 grammaticam

259 3141 704 3219 philosophiam
764 3142 1196 3220 profitentibus.
1288 3145 1585 3220 Tempora
1648 3146 1849 3202 autem
1912 3146 2083 3202 erant
2141 3144 2296 3202 eius-

257 3231 439 3307 modi,
504 3234 574 3290 ut
626 3233 746 3292 viri
810 3233 971 3292 docti
1025 3235 1087 3292 et
1146 3236 1360 3309 poetae
1424 3233 1679 3311 gloriam
1743 3232 1862 3292 sibi
1924 3235 1986 3291 et
2048 3231 2294 3292 divitias

261 3339 605 3396 comparare
651 3324 919 3396 possent:
968 3340 1123 3381 anno
1171 3323 1332 3382 enim
1381 3323 1549 3381 1447
1598 3322 1882 3382 Nicolaus
1922 3322 1980 3379 V
2023 3341 2183 3398 papa
2228 3323 2295 3380 in

262 3408 412 3468 solio
484 3409 794 3486 pontificio
867 3411 1098 3471 locatus
1168 3414 1298 3470 erat
1368 3411 1713 3486 praeclarus
1777 3411 1881 3469 ille
1952 3411 2294 3470 litterarum

258 3499 597 3575 artiumque
641 3500 846 3559 fautor
890 3503 1072 3576 atque
1116 3503 1422 3576 patronus,
1517 3500 1698 3561 Cuius
1743 3500 2192 3560 benevolentiae
2231 3503 2293 3559 et

258 3587 614 3647 liberalitati
658 3591 728 3648 ut
773 3608 835 3649 se
883 3590 1352 3666 commendaret,
1395 3589 1684 3650 Horatius
1739 3609 1897 3651 anno
1941 3592 2011 3648 ut
2056 3589 2296 3665 videtur

1792 3688 1863 3742 a*
