2650 3925
393 230 478 293 52
1362 226 1441 282 IX

392 378 549 449 Quid
594 381 832 456 poterat
875 380 1070 438 maius
1116 378 1286 437 reddi
1331 377 1690 451 viventibus,
1738 395 1772 437 o
1819 374 1934 434 Pi?
2037 439 2041 444 ⁴

484 467 779 528 Carminis
828 467 1109 544 obsequio
1156 468 1315 527 vivit
1355 470 1609 544 uterque
1656 470 1779 526 tuo.

311 579 364 619 45
394 557 558 617 Haec
602 559 754 631 laus,
799 559 946 616 haec
991 557 1186 633 pietas
1232 575 1651 632 summumque
1696 556 1759 613 in
1806 556 2013 615 funere
2060 572 2274 612 munus
2387 578 2423 590 ··

485 646 692 706 Gloria
735 649 1060 723 perpetuae
1106 645 1476 721 posteritatis
1524 646 1655 704 erit.

395 736 612 796 Omnia
658 755 792 794 cum
836 736 1077 810 raperet
1120 754 1281 793 mors
1326 734 1623 794 invidiosa
1669 751 1778 809 per
1822 752 2057 807 aevum,

484 824 627 883 Sola
673 824 1035 899 sepulchrali
1079 825 1242 882 victa
1287 824 1496 883 decore
1543 823 1677 881 fuit.

395 915 600 973 Tertia
644 915 698 972 si
742 914 887 990 quid
934 915 1051 971 erit
1093 914 1365 972 misereri
1409 915 1471 971 et
1513 931 1756 988 parcere
1802 892 1996 986 victis

316 1024 368 1064 50
487 1002 644 1072 Quos
689 1004 884 1078 liquet
929 1019 1196 1061 excessus
1241 1003 1568 1078 penituisse
1614 1001 1807 1060 Pium

397 1093 635 1162 Quanta
681 1093 774 1151 sui
818 1094 882 1150 in
929 1091 1186 1151 domitos
1230 1093 1443 1166 pietaS,
1490 1091 1699 1151 domus
1745 1109 1868 1162 una
1914 1088 2188 1150 Sabellae
2293 1133 2298 1139 .

482 1181 764 1240 Pluribus
813 1181 1081 1255 exemplo
1130 1181 1359 1239 scilicet
1405 1198 1543 1254 esse,
1577 1182 1789 1255 potest.

396 1271 646 1330 Parcere
693 1269 972 1329 subiectis
1019 1288 1201 1345 quam
1246 1268 1542 1329 debellare
1590 1268 1872 1345 superbos

485 1359 651 1418 More
697 1359 795 1418 dei
838 1361 1034 1418 visum
1079 1360 1303 1418 lautius
1352 1377 1477 1418 esse
1521 1358 1648 1416 Pio.

318 1469 368 1510 55
396 1449 625 1509 Discite
673 1449 747 1507 ab
796 1448 1065 1524 exemplo
1111 1446 1188 1508 Pi
1231 1449 1483 1524 quisque
1529 1449 1835 1525 ignoscere
1880 1448 2072 1522 victis,
2191 1508 2195 1512 ,

486 1538 591 1596 Nil
636 1539 830 1613 pietas
878 1536 1042 1595 aliud
1087 1538 1200 1596 hoc
1246 1555 1357 1595 sua
1401 1537 1594 1596 maius
1640 1533 1837 1597 habet.

398 1628 534 1686 Non
582 1627 759 1685 aliter
806 1625 1022 1686 Caesar
1066 1625 1273 1686 divum
1318 1626 1633 1685 meruisset
1676 1626 1946 1699 honores,

486 1716 659 1774 Unde
703 1715 813 1774 Pio
860 1715 1091 1774 soboles
1137 1714 1297 1774 Iulia
1343 1714 1487 1775 fecit
1532 1732 1692 1773 avos

399 1805 659 1865 Nativae
705 1804 939 1864 telluris
986 1822 1155 1863 amor
1197 1802 1268 1861 fit
1311 1805 1378 1861 in
1425 1802 1628 1862 ordine
1677 1806 1920 1879 quarta:

320 1915 373 1955 eo
492 1893 683 1964 Quam
730 1895 876 1953 satis
925 1895 1017 1952 est
1062 1893 1224 1951 ultra
1270 1892 1472 1971 diligit
1515 1892 1621 1952 ille
1668 1911 1822 1952 suos.

402 1983 619 2044 Omnia
664 2002 798 2043 cum
845 1986 1102 2060 superet,
1148 1984 1274 2042 solo
1321 1984 1638 2058 superatur
1669 2001 1900 2055 amore.

441 2134 445 2139 ,
490 2073 785 2148 Principis
832 2091 867 2131 o
913 2074 1107 2149 pietas
1155 2071 1421 2131 officiosa
1465 2071 1670 2130 nimis!

400 2163 473 2221 In
518 2163 714 2222 medio
759 2163 894 2221 laus
941 2163 1057 2221 est:
1104 2160 1306 2237 superi
1350 2160 1659 2220 moderata
1704 2159 2047 2232 secundant,

491 2251 688 2310 Aucta
730 2254 921 2310 ruunt
961 2251 1215 2309 nimium
1260 2249 1518 2324 pondere
1565 2267 1770 2326 pressa
1813 2267 1938 2308 suo.

323 2359 374 2401 65
403 2340 652 2399 Artibus
696 2340 975 2417 ingenuis
1024 2342 1084 2398 et
1128 2338 1369 2401 vatibus
1413 2339 1631 2397 ultima
1675 2340 1882 2412 restat,
2045 2333 2048 2336 ’

492 2430 605 2489 His
651 2428 827 2488 decus
872 2430 985 2488 hoc
1029 2429 1126 2488 illi
1167 2427 1508 2504 pontificale
1553 2428 1686 2487 fuit.
1749 2466 1752 2469 -

405 2519 470 2578 Si
515 2518 650 2594 pius
698 2521 806 2591 est,
851 2520 1039 2592 vates,
1085 2536 1340 2593 quorum
1384 2516 1500 2576 sibi
1546 2516 1741 2594 gloria
1783 2496 1980 2592 prima
2027 2520 2133 2586 est,

495 2607 753 2684 Spectet,
800 2609 958 2665 enim
1003 2610 1171 2666 vates
1219 2608 1280 2665 et
1324 2607 1577 2665 coluisse
1621 2607 1792 2707 pium
1837 2608 1942 2664 est.

404 2699 544 2774 Ipsa
590 2697 734 2756 licet
775 2716 883 2772 per
928 2715 989 2756 se
1034 2695 1247 2769 radiet,
1293 2697 1422 2754 sine
1469 2697 1730 2754 carmine
1776 2696 1969 2755 virtus

326 2806 379 2847 το
494 2786 734 2845 Deficit.
780 2787 1064 2863 ignorant
1109 2786 1376 2844 carmina
1421 2785 1551 2843 sola
1594 2784 1764 2843 mori.

406 2876 517 2936 His
561 2876 858 2934 illustrari
901 2876 1138 2934 tantum
1186 2891 1295 2933 sua
1340 2874 1580 2933 saecula
1622 2876 1874 2948 possunt
1957 2940 1962 2944 .

496 2965 578 3023 Et
622 2982 807 3042 genus
855 2965 916 3021 et
960 2981 1172 3037 mores,
1219 2964 1417 3022 cetera
1461 2963 1670 3021 mortis
1718 2965 1908 3022 erunt.
2103 3023 2110 3031 ,
2177 3020 2184 3027 ,

409 3054 490 3112 Et
534 3054 586 3112 si
632 3052 913 3130 Pyerides
957 3052 1289 3111 multorum
1332 3054 1576 3127 pectora
1620 3051 1945 3125 flamment,
2014 3117 2020 3122 ,

497 3143 568 3201 In
614 3142 819 3201 laudes
867 3142 1048 3201 feriat
1089 3142 1354 3217 plurima
1399 3140 1608 3203 dextra
1652 3141 1864 3216 lyram.
1915 3134 1920 3141 ’

331 3251 381 3293 ⁷5
408 3232 547 3291 Non
591 3231 699 3289 illo
747 3233 990 3310 gravius
1036 3232 1355 3307 quisquam
1400 3229 1833 3306 perstrinxerit,
1879 3228 2033 3288 unde

498 3320 772 3380 Ediderit
815 3322 1011 3395 proles
1056 3320 1461 3379 Piccolomina
1505 3318 1697 3377 Pium.
1777 3388 1782 3391 x
1876 3387 1879 3391 ,

556 3603 621 3651 67
664 3596 722 3651 Si
759 3596 889 3666 pius
927 3614 985 3651 es
1023 3597 1177 3653 codd.
1207 3602 1225 3666 u
1256 3603 1322 3651 76
1362 3594 1782 3666 piccolhomina
1824 3597 1877 3649 B
1989 3635 1994 3640 .
