2650 3925
16 637 71 672 β

500 233 599 288 DE
637 230 1186 289 CONIVRATIONE
1222 230 1589 286 PORCARIA
1623 230 1989 286 DIALOGVS
2162 221 2244 296 67

213 384 379 445 illius
442 389 637 445 terrae
693 386 756 444 et
817 384 1090 444 subditus
1147 385 1263 456 est,
1327 382 1589 443 residens
1619 383 1776 442 ‘vero
1820 384 1885 441 in
1930 385 2090 442 terra
2137 401 2248 443 sua

215 476 337 533 suis
384 475 447 533 et
506 474 641 534 aliis
693 472 855 537 inibi
917 471 1330 534 habitantibus
1392 474 1652 548 imperat
1697 475 1759 531 et
1821 471 2094 532 dominus
2141 475 2246 531 est.

214 563 297 622 Et
339 564 393 622 si
435 581 597 640 papa
640 563 889 622 Italiam
940 562 1257 638 relinquet,
1304 563 1366 620 et
1409 562 1538 637 ipse
1584 578 1621 618 a
1666 562 1843 620 terris
1899 561 2021 621 suis
2067 561 2246 620 relin-

214 655 444 729 quetur.
538 651 683 722 Quis
727 654 970 712 timeret
1006 654 1068 710 et
1109 655 1480 711 revereretur
1522 669 1744 727 papam
1791 650 2025 711 amissis
2070 651 2247 709 terris

162 762 187 802 1
213 742 514 817 ecclesiae,
586 744 641 801 si
670 737 680 765 ’·
701 759 859 800 nunc
931 743 1141 801 contra
1201 742 1403 816 ipsum
1472 742 1665 799 terras
1737 739 2056 798 habentem
2117 742 2248 798 tam

211 832 395 907 impie
450 828 855 907 presumitur?
927 829 1128 889 Terris
1183 829 1463 889 ecclesiae
1518 830 1754 888 amissis
1810 830 2065 888 oriretur
2110 846 2247 888 con-

211 922 477 995 temptus
541 920 916 995 clericorum,
980 919 1193 978 deinde
1255 919 1480 978 heresis
1542 917 1845 995 ydolatria
1907 918 2244 994 persecutio

214 1009 676 1068 christianorum
719 1009 995 1067 martiria
1038 1026 1407 1067 summorum
1450 1006 1818 1084 pontificum,
1864 1008 2024 1067 sicut
2070 1009 2249 1065 antea

212 1100 278 1156 in
340 1117 601 1175 paupere
664 1098 912 1157 ecclesia
973 1096 1102 1156 fieri
1165 1096 1411 1157 solebat.
1505 1095 1901 1166 Quamobrem
1964 1115 2124 1173 papa
2189 1099 2249 1154 et

124 1208 188 1248 ,1ο
214 1187 444 1247 Romae
507 1189 667 1247 stare
739 1189 802 1246 et
862 1189 1055 1247 terras
1128 1186 1410 1246 ecclesiae
1474 1187 1632 1244 tueri
1694 1184 1870 1245 debet
1932 1203 2001 1244 ac
2064 1186 2248 1244 etiam

214 1294 385 1335 suam
430 1275 726 1335 dicionem
763 1294 996 1354 augere.
1087 1274 1159 1333 In
1195 1276 1308 1335 hoc
1354 1276 1515 1335 enim
1550 1275 1774 1334 mundo
1810 1275 1940 1334 sola
1975 1276 2249 1351 potentia

212 1366 462 1425 timetur
506 1367 568 1424 et
611 1368 945 1425 veneratur.

346 1454 412 1512 F.
485 1454 667 1513 Multi
709 1457 913 1513 tamen
976 1453 1202 1529 dicunt,
1264 1454 1427 1530 quod
1487 1471 1649 1529 papa
1703 1452 1767 1511 in
1831 1450 2248 1529 spiritualibus

214 1546 456 1602 tantum
501 1543 775 1603 dominus
821 1543 914 1602 sit.

135 1654 187 1694 15
350 1632 418 1690 B.
491 1631 591 1691 Ad
633 1632 961 1708 hospitium
1004 1633 1093 1690 ire
1138 1632 1294 1707 volo,
1340 1632 1530 1691 fessus
1586 1649 1742 1707 sum3
1798 1649 1934 1690 cum
1980 1631 2100 1691 alio
2148 1630 2245 1689 die

218 1722 685 1796 convenerimus,
727 1720 844 1781 tibi
893 1740 1072 1797 super
1113 1721 1227 1780 hoc
1270 1721 1657 1798 respondebo
1749 1720 1918 1780 Vale.

349 1989 415 2048 F.
491 1990 643 2049 Ecce
690 1989 898 2050 doctor
942 1990 1135 2050 meus!

349 2079 417 2137 B.
494 2079 664 2155 Fabi,
707 2080 831 2138 iam
868 2081 1096 2155 septem
1132 2078 1340 2138 diebus
1378 2098 1498 2138 non
1533 2079 1663 2139 vidi
1697 2080 1777 2154 te,
1823 2077 1970 2155 quid
2007 2074 2251 2155 agitur?

214 2168 389 2228 Nunc
433 2169 732 2230 transiens
776 2186 885 2245 per
919 2167 1224 2228 Minervae
1270 2171 1471 2244 partes
1517 2167 1645 2228 vidi
1689 2167 1933 2227 (1611111111
1962 2164 2253 2243 Stephani

135 2278 189 2317 ao
216 2256 486 2316 Porcarii
530 2259 774 2318 destrui.

350 2346 415 2404 F.
489 2346 573 2405 Et
616 2348 799 2407 etiam
843 2348 1030 2407 vicini
1073 2348 1195 2405 mei
1238 2346 1408 2406 Petri
1452 2346 1524 2405 de
1569 2346 1773 2405 Monte
1828 2345 2085 2405 rotundo
2131 2364 2252 2403 me·

217 2433 336 2494 dici
382 2433 592 2495 domus
638 2435 984 2495 destruitur.

351 2523 420 2582 B.
495 2523 579 2583 Et
621 2524 749 2600 ipse
796 2527 960 2584 estne
1006 2524 1079 2583 de
1124 2522 1291 2583 illis?

352 2612 417 2671 F.
492 2613 621 2689 Est,
667 2615 729 2672 et
773 2613 953 2672 audio
1002 2612 1162 2690 quod
1205 2613 1322 2672 hiis
1368 2614 1656 2689 proximis
1702 2612 1910 2672 diebus
1955 2631 2026 2671 ex
2071 2613 2255 2670 inter·

135 2721 189 2764 25
218 2703 482 2763 cessione
539 2702 802 2779 episcopi
855 2701 1201 2762 Portuensis
1254 2703 1732 2762 vicecancellarii
1783 2719 1946 2779 papa
2001 2721 2137 2759 eum
2191 2700 2254 2758 in

216 2810 392 2852 suum
426 2790 723 2851 medicum
758 2794 1176 2867 acceptaverat
1203 2793 1265 2849 et
1292 2793 1350 2849 ei
1387 2794 1625 2850 centum
1662 2810 1871 2851 aureos
1909 2790 2254 2850 donaverat.

310 2914 313 2919 ·
350 2881 419 2941 B.
493 2880 610 2956 Ηο,
655 2883 1010 2940 venenasset
1052 2899 1275 2957 papam
1319 2881 1386 2939 in
1430 2881 1768 2940 medicinis!
1831 2879 2066 2957 Ingrati
2110 2879 2254 2939 viril

362 3110 391 3158 1
430 3106 581 3160 terre
614 3103 773 3159 illius
811 3105 887 3159 K.
916 3106 936 3174 ΙΙ
963 3108 994 3158 3
1031 3104 1385 3173 relinquetur
1420 3105 1479 3159 et
1513 3104 1639 3174 ipse
1676 3118 1710 3155 a
1746 3102 1912 3158 terris
1954 3101 2097 3170 suis,
2145 3119 2257 3171 que

219 3175 332 3230 cito
370 3174 628 3230 dominos
664 3175 983 3231 invenirent
1017 3176 1091 3230 K.
1148 3179 1169 3246 ΙΙ
1220 3182 1252 3230 5
1293 3178 1491 3230 contra
1538 3190 1749 3244 papam
1788 3176 1863 3229 K.
1918 3176 1937 3245 ΙΙ
1992 3180 2023 3228 6
2063 3190 2098 3229 6
2135 3174 2257 3229 cive

217 3246 563 3371 fioesumitur
598 3249 725 3317 ΚΙΙ
752 3252 782 3300 7
820 3247 1033 3303 heresis
1070 3249 1129 3302 et
1164 3249 1240 3302 K.
1269 3249 1289 3317 11
1317 3253 1349 3300 9
1387 3247 1693 3316 Propterea
1728 3260 1882 3315 papa·
1918 3261 2031 3299 non
2073 3245 2255 3301 solum

305 3334 396 3373 me
425 3320 498 3373 K.
526 3321 547 3389 ΙΙ
577 3323 643 3373 10
682 3249 782 3373 61611
818 3335 979 3373 suam
1017 3319 1298 3373 dicionem
1327 3320 1395 3374 K
1426 3317 1732 3373 dictionem
1768 3318 1827 3371 V.
1856 3320 1876 3388 ΙΙ
1920 3323 1986 3370 12
2023 3333 2256 3387 sequun-

218 3396 314 3444 tur
348 3391 412 3443 in
449 3389 734 3445 Κ.1616(3
772 3389 922 3445 enim
965 3390 1278 3473 prudencia
1333 3389 1637 3445 cuiuslibet
1690 3405 1839 3458 pape
1895 3388 2255 3443 considerans

224 3459 368 3515 alibi
405 3476 575 3528 quam
609 3460 670 3515 in
706 3461 872 3515 terris
909 3461 1024 3515 suis
1061 3461 1254 3529 Italis,
1289 3461 1468 3516 Rome
1505 3462 1656 3515 enim
1691 3460 1985 3530 precipue,
2023 3459 2257 3515 minime

217 3531 506 3588 resideret.
548 3535 567 3602 ΙΙ
611 3538 678 3586 14
716 3532 1014 3586 dumtaxat
1050 3532 1309 3587 (10111111116
1348 3533 1426 3587 611
1462 3533 1537 3586 K.
1584 3535 1602 3602 ,Ι
1649 3537 1716 3585 26
1754 3547 1910 3601 papa
1945 3532 2087 3587 deest
2125 3532 2186 3585 K

218 3606 342 3658 tum
383 3604 456 3658 K.
485 3605 506 3674 ΙΙ
532 3609 598 3657 27
639 3606 866 3658 6611111111
905 3603 1139 3658 ducatos
1180 3605 1254 3658 K.

1754 3692 1824 3747 5*
