2650 3925
309 210 397 274 62
1013 209 1229 263 PETRI
1264 209 1361 262 DE
1400 208 1615 264 GODIS

310 380 494 437 quam
538 361 738 435 fuerit,
783 360 888 424 sed
932 361 1107 420 homo
1154 361 1391 436 loquax,
1437 363 1503 419 in
1546 361 1718 437 quali
1759 380 1897 419 raro
1943 361 2352 437 magnanimi-

307 454 403 510 tas
450 450 629 524 cadit,
680 469 790 509 nec
844 450 990 509 haec
1041 449 1507 527 magnanimitas
1566 449 1685 508 dici
1739 450 1971 523 debeat,
2029 452 2101 508 ut
2146 453 2354 510 osten-

309 539 451 599 dam
477 571 566 581 --
602 539 899 599 convertit
931 538 998 597 in
1041 540 1365 597 femineum
1404 540 1697 598 timorem.
1787 538 1886 597 Ad
1929 539 2352 598 mulierculam

310 629 468 687 enim
543 627 880 703 Stephanus
953 647 1016 687 se
1087 628 1339 687 reduxit.
1430 627 1651 687 Vilitas
1724 628 1994 705 grandis!
2071 627 2354 688 Debebat

257 737 282 777 5
312 716 678 792 StephanuS,
737 718 789 776 si
833 717 1251 794 magnanimus
1305 734 1469 775 more
1522 718 1628 775 tuo
1674 717 1914 791 fuisset,
1966 735 2075 793 per
2121 719 2349 777 amicos

310 824 545 865 currere
582 809 644 865 et
680 824 817 864 cum
845 806 1052 864 amicis
1097 805 1447 865 circumiens
1493 807 1765 882 regiones
1792 805 1957 865 urbis
2002 807 2350 866 clamando:

309 896 482 955 vivat
523 895 780 972 populus
828 898 890 954 et
941 895 1215 954 libertas!
1272 896 1334 953 et
1379 889 1681 953 offerendo
1736 894 2023 970 praedam
2077 897 2351 955 omnium

308 984 600 1044 bonorum
645 1002 839 1061 papae
885 986 946 1043 et
990 983 1383 1043 cardinalium
1397 1027 1412 1057 ,
1472 983 1785 1042 curialium
1832 987 1893 1043 et
1945 987 2350 1043 mercatorum

309 1075 600 1150 populum
644 1091 883 1132 movere
929 1074 991 1131 et
1035 1072 1252 1147 levare,
1299 1089 1509 1147 capere
1558 1071 1945 1147 Capitolium,
1993 1074 2156 1148 quod
2199 1076 2352 1133 tunc

231 1183 284 1222 10
312 1163 384 1222 de
428 1163 597 1222 facili
638 1180 749 1238 per
809 1161 1099 1239 populum
1153 1162 1290 1238 capi
1351 1161 1662 1236 potuisset,
1723 1157 1871 1238 quia
1932 1164 2136 1238 parati
2196 1165 2350 1221 tunc

311 1271 431 1311 non
479 1254 650 1310 erant
692 1251 757 1309 in
802 1250 945 1309 urbe
989 1250 1221 1326 pedites
1267 1252 1735 1327 quinquaginta,
1792 1251 2006 1310 deinde
2054 1250 2130 1310 ad
2172 1252 2350 1328 pala-

310 1340 468 1399 tium
502 1359 696 1416 papae
734 1358 968 1399 currere
1006 1342 1067 1399 et
1103 1358 1239 1398 cum
1284 1338 1587 1399 securibus
1632 1342 1839 1415 portas
1876 1340 2005 1399 eius
2049 1341 2348 1418 frangere.

311 1430 446 1488 Nox
492 1433 584 1488 est
627 1429 829 1506 longa,
891 1430 1084 1487 multa
1136 1429 1268 1487 fieri
1330 1430 1613 1504 poterant
1665 1448 1786 1487 una
1843 1432 2035 1488 nocte.
2125 1429 2352 1488 Dicens

313 1519 461 1578 haec
504 1521 819 1591 tremescO,
873 1518 1140 1594 profecto
1195 1516 1369 1576 credo
1423 1516 1657 1592 plebem
1712 1518 1974 1578 faciliter
2026 1520 2353 1578 assensisse

232 1631 283 1672 15
312 1607 642 1684 cupiditate
689 1607 971 1683 praedae,
1018 1606 1090 1664 de
1136 1609 1308 1666 nocte
1354 1607 1637 1680 maxime,
1685 1625 1837 1681 quae
1882 1626 2116 1683 semper
2160 1609 2349 1666 auda·

314 1698 469 1756 ciam
513 1695 993 1772 delinquentibus
1040 1695 1203 1755 facit.
1292 1695 1366 1753 In
1413 1713 1593 1771 capsa
1637 1713 1699 1754 se
1754 1697 1959 1771 posuit
2002 1728 2093 1737 --
2138 1697 2352 1756 vilitas

311 1786 528 1844 maior!
556 1785 858 1845 Potuisset
885 1786 1043 1844 exire
1072 1784 1313 1843 domum
1341 1803 1450 1859 per
1475 1786 1637 1843 tecta
1663 1786 1728 1842 in
1756 1787 1918 1843 tecta
1934 1786 2154 1844 vicina.
2209 1786 2350 1845 Nox

313 1877 444 1934 erat
489 1876 551 1933 et
597 1876 946 1949 quaerentes
993 1893 1063 1931 ex
1109 1872 1321 1950 vigilia
1357 1873 1480 1932 iam
1515 1873 1675 1932 lassi.
1769 1873 2079 1934 Evasisset
2122 1874 2352 1951 quippe

311 1963 480 2039 liber,
525 1967 750 2041 postea,
797 1965 863 2022 in
906 1963 1049 2022 urbe
1097 1965 1238 2021 sunt
1281 1965 1378 2022 tot
1423 1960 1655 2022 edificia
1700 1964 1918 2040 diruta,
1977 1965 2073 2023 tot
2116 1966 2352 2040 vineae,

232 2077 284 2117 zo
312 2055 406 2113 tot
449 2056 647 2113 turres
701 2054 765 2110 in
830 2052 1041 2127 muris,
1105 2070 1306 2111 secure
1366 2051 1667 2111 latitasset
1728 2054 1793 2111 in
1847 2053 1994 2112 urbe
2057 2073 2167 2128 per
2220 2054 2351 2114 dies

311 2143 529 2218 plures.
624 2141 735 2199 Sed
795 2142 1073 2201 confusus
1128 2142 1247 2199 fuit
1299 2140 1521 2200 iudicio
1577 2141 1689 2199 dei.
1783 2140 1992 2217 Crede,
2057 2142 2352 2202 terribilis

314 2232 457 2292 deus
510 2233 574 2289 in
621 2231 884 2290 consiliis
929 2249 1109 2306 super
1160 2229 1316 2288 filios
1380 2220 1703 2289 hominum.
1795 2232 1878 2289 Et
1919 2230 2027 2291 ille
2075 2230 2349 2290 Clemens

312 2340 433 2380 non
505 2322 776 2397 cogitans
840 2338 1024 2395 quam
1088 2337 1268 2396 grave
1314 2320 1398 2377 sit
1460 2320 1682 2377 crimen
1726 2319 1925 2379 laesae
1992 2322 2349 2397 maiestatis,

313 2410 497 2470 etiam
543 2428 605 2468 se
663 2408 908 2484 perinde
957 2427 1026 2467 ac
1084 2408 1136 2467 si
1181 2427 1251 2466 ex
1306 2426 1443 2466 aere
1498 2408 1695 2466 alieno
1743 2408 1820 2467 ad
1871 2408 2165 2468 iudicium
2211 2428 2351 2469 evo-

234 2522 286 2562 26
317 2498 538 2558 candus
604 2499 774 2571 esset,
839 2496 1081 2557 credens
1128 2514 1189 2554 se
1254 2515 1531 2556 excusare
1575 2516 1685 2572 per
1747 2497 1972 2556 febrem
2032 2499 2239 2574 posuit
2283 2501 2350 2558 in

315 2589 487 2647 lect0.
580 2586 724 2656 Quis
780 2604 988 2645 caecus
1051 2605 1171 2644 non
1216 2586 1384 2646 videt
1436 2586 1581 2644 haec
1635 2604 1760 2644 esse
1806 2605 1876 2645 ex
1937 2587 2163 2648 iudicio
2210 2587 2353 2647 dei?

314 2678 639 2753 Nunquam
685 2675 890 2734 audivi
934 2676 1214 2751 aliquem,
1259 2676 1366 2751 qui
1410 2673 1656 2732 molitus
1692 2674 1876 2734 fuerit
1912 2678 2123 2736 contra
2165 2677 2348 2736 eccle-

315 2768 466 2826 siam
511 2765 870 2839 Romanam,
926 2764 1074 2823 bene
1126 2764 1325 2837 finire,
1382 2766 1444 2822 et
1488 2762 1632 2821 deus
1695 2763 2055 2824 mirabiliter
2117 2784 2353 2843 semper

314 2856 491 2931 punit
555 2852 862 2913 ecclesiam
923 2855 1360 2929 persequentes.
1450 2851 1766 2910 Praeterea
1827 2854 1977 2913 haec
2032 2873 2154 2914 non
2218 2859 2353 2915 erat

234 2967 287 3007 30
314 2944 795 3021 magnanimitas,
885 2941 1305 3021 Magnanimus
1356 2942 1512 2999 enim
1559 2943 1673 3015 est,
1740 2944 1845 3017 qui
1906 2943 2355 3004 rationabiliter

461 3085 486 3132 1
528 3093 817 3144 nunquam
851 3092 1113 3147 magnan.
1153 3076 1221 3130 K
1240 3078 1259 3143 ΙΙ
1287 3079 1320 3127 4
1358 3074 1509 3128 enim
1547 3073 1689 3128 deest
1720 3077 1795 3130 K.
1825 3077 1844 3146 ΙΙ
1873 3082 1904 3129 6
1944 3077 2199 3132 circuens
2241 3079 2302 3133 V.
2333 3081 2353 3149 ΙΙ

316 3156 349 3203 8
387 3165 534 3219 pape
592 3146 967 3203 cardinalium
1013 3149 1088 3202 K.
1162 3148 1182 3216 ΙΙ
1254 3151 1286 3199 9
1323 3146 1598 3215 populum
1627 3146 1911 3202 —levare
1966 3149 2164 3204 desunt
2217 3149 2292 3203 K.
2333 3153 2352 3221 ΙΙ

319 3227 386 3275 14
422 3220 670 3274 faciliter
704 3221 847 3273 deest
883 3219 958 3273 K.
987 3220 1005 3288 ΙΙ
1049 3223 1115 3272 18
1153 3217 1292 3272 fassi
1330 3218 1407 3271 K.
1435 3219 1454 3286 11
1493 3222 1557 3270 19
1597 3215 1812 3272 din-uta
1862 3219 1925 3273 V.
1962 3221 1981 3289 ΙΙ
2019 3225 2087 3273 20
2126 3236 2353 3275 secui-re

314 3292 585 3347 lititasset
624 3291 694 3345 K.
724 3294 851 3359 11'22
888 3289 1022 3344 filiis
1061 3291 1137 3344 K.
1176 3289 1247 3343 cf.
1285 3288 1490 3342 Psalm.
1530 3292 1615 3353 65,
1638 3295 1685 3342 5.
1715 3292 1830 3360 1123
1865 3289 1994 3359 lege
2035 3292 2101 3345 K
2128 3290 2247 3347 lese
2287 3294 2354 3361 V,

315 3364 415 3418 ubi
450 3364 512 3417 in
547 3378 752 3430 marg:
791 3363 1040 3430 quisquis
1076 3379 1120 3415 c.
1158 3361 1236 3414 ad
1271 3361 1306 3414 l.
1345 3360 1444 3414 iul.
1484 3359 1648 3415 mie.
1688 3362 1707 3429 ΙΙ
1753 3365 1821 3414 24
1859 3377 1955 3415 ore
1991 3364 2060 3417 K
2093 3379 2186 3418 ere
2234 3365 2295 3418 V.
2335 3366 2355 3436 i!

317 3443 384 3489 25
421 3434 614 3504 posuit
650 3448 709 3485 se
747 3434 823 3486 K.
898 3434 974 3486 ad
1008 3449 1184 3487 vocem
1238 3430 1479 3485 febrem:
1537 3432 1572 3484 l.
1601 3433 1674 3486 11
1705 3432 1747 3502 ᾧ·
1794 3434 1970 3501 siquis
2022 3435 2234 3490 iudicio
2287 3437 2350 3502 ff.

314 3507 491 3632 {qqsscis
525 3506 709 3627 cqutio
726 3504 811 3626 IY
852 3503 913 3556 in
949 3520 1125 3573 marg.
1180 3506 1199 3571 n
1254 3507 1322 3556 29
1360 3505 1761 3571 prosequentes
1800 3504 1875 3558 K.
1921 3507 1940 3574 n
1986 3509 2055 3558 30
2090 3505 2354 3560 raciona-

355 3596 376 3631 1
422 3593 457 3631 a
493 3592 569 3645 pa
594 3590 687 3627 am
755 3592 800 3627 x.
