2650 3925
629 215 806 272 1)Νο
842 216 1159 274 NICOLAO
1199 218 1473 285 QVINTO
1510 217 1722 274 PONT.
1760 220 1938 275 MAX.
2261 221 2304 285 3

361 368 444 426 Et
487 368 636 428 facit
678 368 761 434 in,
786 371 990 444 patria
1033 372 1234 429 vivere
1281 389 1575 447 quemque
1622 389 1761 446 sua,

273 456 438 516 Haec
480 457 594 516 tibi
638 450 866 534 templa
911 458 1081 518 dabit
1125 460 1433 519 cumulata
1475 459 1797 536 vaporibus
1845 463 1906 520 et
1951 481 2107 538 quae

199 568 250 608 so
364 543 506 605 Otia
551 548 834 607 mortales
880 548 1353 610 commeminisse
1397 550 1579 609 iuvet.

274 634 425 695 Vive
469 635 587 695 tibi
627 636 820 711 mileS‚
864 640 1175 713 praestant
1218 638 1367 697 haec
1409 640 1685 715 tempora
1730 657 1956 715 pacem,

361 724 599 784 Proelia.
641 744 716 784 ne
760 726 1002 800 timeas3
1046 728 1183 787 vive
1229 727 1439 787 colone
1482 727 1613 786 tibi.

275 812 479 873 Civica
523 813 794 893 belligeri
838 818 1150 876 mutentur
1192 814 1256 875 in
1302 817 1431 875 otia
1474 834 1687 889 moreS,

362 901 720 979 Perpetuam
765 922 973 980 pacem
1017 906 1262 981 plausus
1308 905 1531 981 ubique
1578 908 1764 966 sonet.

194 1013 244 1054 35
271 991 453 1050 Haud
500 993 646 1052 sinis
674 1011 995 1060 ‘armorum
1041 1012 1248 1054 census
1293 994 1535 1053 haurire
1580 995 1829 1069 furore&

363 1078 637 1142 Consulis
681 1081 959 1142 humanis
1003 1082 1246 1142 utiliore
1292 1083 1395 1153 via

272 1170 353 1229 Et
397 1170 574 1229 modo
622 1170 884 1231 desertos
929 1172 1283 1248 ruituraque
1326 1173 1556 1249 templa
1598 1176 1864 1249 penateS,

357 1259 475 1318 Res
520 1259 697 1319 modo
743 1259 972 1320 moliris
1016 1262 1253 1322 moenia
1297 1264 1527 1338 quanta
1571 1280 1775 1324 novas,

272 1348 622 1408 Termarum
665 1352 894 1409 tractus
941 1351 1084 1409 licet
1128 1354 1190 1409 et
1232 1350 1473 1409 radiata
1521 1348 1751 1411 Colossi

191 1459 245 1499 40
361 1435 635 1496 Culmina
681 1439 1067 1515 conspicuum
1110 1439 1275 1498 fama
1318 1440 1604 1515 loquatur
1648 1459 1817 1517 opuS,

269 1525 657 1603 Pyramidum
703 1527 977 1604 quamvis
1022 1529 1240 1588 molem
1287 1547 1397 1588 sua
1439 1530 1689 1589 sustulit
1734 1532 1899 1589 aetas

360 1616 441 1674 Et
486 1635 595 1675 sua
639 1616 1011 1677 Mauseolum
1054 1618 1152 1677 vel
1196 1617 1513 1693 Babylona
1557 1619 1733 1693 ferat,

273 1704 509 1773 Quanta
552 1707 675 1765 tuis
721 1724 874 1781 quae
919 1725 1077 1766 nunc
1123 1709 1379 1784 surgunt
1426 1707 1501 1765 ad
1547 1706 1744 1766 sidera
1789 1707 1984 1784 rebus,

358 1793 547 1853 Nulla
590 1796 883 1853 vetustati
928 1797 1123 1873 gloria
1166 1798 1342 1855 tanta
1387 1797 1521 1854 fuit.

192 1903 244 1943 45
275 1880 581 1943 Cernimus
626 1885 858 1963 ingenti
902 1886 1116 1945 molita
1158 1884 1392 1963 palatia
1437 1887 1697 1963 sumptu,

358 1971 475 2032 Hic
519 1972 622 2032 ubi
668 1992 947 2033 curarum
988 1975 1248 2052 pondere
1294 1975 1499 2051 lapsus
1546 1975 1705 2050 ades,

270 2059 473 2138 Atque
517 2063 626 2122 ubi
672 2067 952 2123 curvatae
999 2065 1193 2142 fulget
1235 2064 1556 2124 testudinis
1602 2064 1782 2140 orbis,

362 2151 544 2210 Sacra
587 2153 792 2211 ferunt
835 2154 1018 2211 matri
1061 2153 1290 2229 templa
1335 2153 1518 2213 fuisse
1565 2153 1756 2212 deum.

272 2237 545 2299 Candida
586 2258 954 2301 marmoreae
998 2241 1363 2318 torquebant
1406 2244 1569 2302 tecta
1615 2242 1946 2318 columnae,

187 2351 242 2390 ⁶0
358 2329 658 2389 Imbribus
705 2334 767 2389 et
810 2331 989 2410 longo
1036 2349 1190 2408 quae
1236 2330 1517 2390 maduere
1563 2330 1703 2404 situ,

268 2418 416 2477 Alta
464 2419 631 2494 quati
679 2422 741 2478 et
784 2439 953 2480 ruere
1001 2439 1243 2496 coepere
1291 2421 1620 2496 cacumina,
1666 2421 1874 2479 dextra

359 2506 443 2565 Ni
487 2510 596 2566 tua
640 2509 948 2584 lapsurum
992 2509 1357 2569 restituisset
1402 2527 1566 2585 opus,

268 2595 561 2657 Plumbea
605 2597 945 2676 surgebant,
989 2617 1147 2657 nunc
1191 2616 1380 2674 paene
1428 2600 1738 2677 argentea:
1785 2600 1980 2659 saeclo

361 2684 479 2743 Sed
524 2705 697 2764 mage
743 2688 1103 2747 conveniunt
1148 2706 1330 2746 aurea
1374 2689 1535 2746 tecta
1579 2691 1702 2747 tuo.

186 2796 240 2836 55
267 2774 444 2834 Nunc
489 2779 755 2851 spectare
800 2778 972 2836 iuvat
1016 2775 1312 2835 munitam
1355 2775 1623 2837 turribus
1669 2796 1882 2852 arcem,

357 2862 502 2940 Ipsa
546 2864 688 2924 licet
731 2868 964 2926 nostras
1010 2866 1292 2925 fulminet
1336 2884 1525 2941 usque
1571 2866 1796 2941 domos,

269 2951 531 3012 Tibridis
576 2954 716 3012 hinc
759 2955 895 3031 ripa
939 2959 1046 3030 est,
1092 2957 1154 3014 et
1199 2955 1454 3014 circulus
1499 2954 1760 3031 undique
1808 2954 2050 3034 claudit,

358 3042 591 3102 Durum
637 3061 787 3119 opus
833 3044 945 3103 hoc
990 3043 1154 3103 urbis
1203 3044 1381 3102 anxia
1426 3044 1596 3104 frena
1642 3047 1821 3104 tenet.

266 3131 613 3208 Intrepidus
657 3135 851 3192 transi
894 3136 1139 3209 pontem
1182 3133 1521 3210 fluctusque
1564 3136 1804 3193 ruentes

183 3242 240 3282 eo
359 3220 631 3297 Desuper
677 3223 738 3280 et
782 3223 1005 3281 fractas
1052 3240 1224 3281 cerne
1269 3223 1472 3283 viator
1516 3241 1720 3299 aquas.

266 3309 511 3369 Mollius
557 3309 696 3370 huic
742 3311 971 3370 dudum
1013 3313 1204 3388 ponti,
1248 3329 1406 3371 nunc
1450 3311 1710 3371 Firmius
1758 3314 1924 3370 extat

414 3522 478 3569 41
520 3516 790 3571 substulit
860 3519 878 3586 ΙΙ
952 3522 1020 3570 45
1059 3482 1303 3588 margini
1360 3516 1732 3586 adscriptum:
1792 3519 1983 3572 Mamie
2016 3518 2247 3574 waimis
2284 3521 2303 3587 fl

268 3593 337 3640 47
379 3589 568 3644 Mario
601 3589 836 3644 rotwnde
861 3592 880 3659 ΙΙ
909 3595 977 3643 55
1013 3597 1252 3645 castrum
1290 3592 1370 3644 sti
1412 3590 1600 3659 anyeli
1624 3591 1643 3659 ss
1672 3594 1738 3642 59
1773 3606 1916 3658 pons
1950 3590 2167 3644 miliae

1846 3678 1873 3707 20⁸

1806 3685 1831 3731 1
