2650 3925
832 208 1096 263 ILIADIS
1133 209 1352 263 LIBER
1384 208 1659 265 PRIMVS

245 359 514 439 Quotque
562 364 791 421 animas
837 360 1024 420 fortes
1068 361 1318 420 heroum
1361 360 1595 420 miserit
1640 358 1836 421 Orcho

246 449 598 526 Quantaque
643 453 774 510 tum
821 449 1066 510 canibus
1111 451 1470 510 miserorum
1515 469 1765 525 corpora
1808 452 2035 527 passim

193 565 219 605 5
244 539 444 615 Atque
490 540 699 600 avibus
745 539 1030 600 lanianda
1073 539 1235 615 tulit,
1283 558 1401 614 quo
1447 542 1715 615 tempore
1761 539 2021 617 primum

244 628 484 690 Atrides
531 632 726 689 rector
769 629 1133 705 populorum
1178 631 1241 687 et
1283 628 1419 688 dius
1464 628 1728 689 Achilles

244 717 409 778 Inter
453 737 515 778 se
563 721 812 791 certant,
857 717 942 778 sic
986 717 1219 794 Iupiter
1262 720 1393 795 ipse
1438 717 1696 778 volebat.

245 807 387 877 Quis
435 807 578 867 deus
622 807 721 866 hic
765 809 967 866 tantos
1014 807 1244 866 irarum
1287 809 1531 867 miscuit
1577 805 1819 867 aestus?

244 895 509 955 Latonae
556 897 814 974 genitus,
859 899 1201 972 contempto
1247 898 1491 955 numine
1538 914 1715 956 saevo

166 1010 219 1051 10
244 984 518 1045 Infensus
562 985 712 1064 regi,
754 987 987 1061 pestem
1032 987 1374 1045 conciverat
1419 988 1615 1045 atram

245 1073 457 1134 Castra
500 1094 609 1150 per
654 1076 716 1134 et
758 1074 1049 1151 populum
1093 1074 1497 1151 procumbunt
1539 1075 1806 1151 undique
1851 1075 2076 1134 morbo.

241 1164 517 1239 Namque
563 1163 927 1224 sacerdotem
972 1163 1160 1223 Phebi
1204 1166 1645 1239 contempserat
1687 1165 1792 1223 ille

246 1252 530 1328 Chrisem,
577 1253 681 1329 qui
724 1253 956 1312 ratibus
1005 1253 1190 1312 solers
1237 1252 1563 1312 advenerat
1606 1252 1818 1331 Argis3

242 1341 474 1401 Laurea
521 1345 681 1402 serta
727 1342 821 1400 dei
866 1341 1144 1401 manibus
1190 1344 1608 1418 sceptrumque
1654 1342 1901 1421 gerebat

165 1455 216 1496 15
242 1431 326 1490 Et
369 1449 522 1507 quae
570 1433 694 1491 sint
736 1433 915 1490 natae
960 1433 1222 1507 pretium
1267 1433 1521 1490 ventura
1564 1432 1865 1491 redemtae

241 1520 564 1597 Fulgentes
611 1522 798 1580 ocreis
844 1520 1088 1579 Danaos
1135 1520 1334 1580 oravit
1379 1521 1441 1580 et
1486 1521 1642 1580 altos

243 1608 568 1686 Praecipue
612 1609 881 1683 Atridas,
925 1629 1123 1668 rerum
1171 1609 1305 1685 quis
1354 1628 1586 1669 summa
1630 1613 1926 1686 potestas:

243 1698 493 1758 Atridae
542 1700 722 1775 atque
769 1699 879 1758 alii
922 1701 1050 1758 tam
1096 1698 1409 1775 splendida
1454 1717 1706 1776 corpora
1754 1698 1941 1774 Graii,

246 1785 529 1848 Obtestor
574 1805 836 1865 superOS,
883 1788 1033 1848 caeli
1079 1790 1186 1865 qui
1231 1789 1494 1847 culmina
1539 1791 1798 1863 servant,

165 1900 220 1941 20
245 1875 407 1935 Dent
450 1877 727 1937 manibus
773 1880 988 1937 vestris
1032 1876 1306 1957 ingentia
1349 1878 1587 1937 moenia
1633 1878 1848 1938 Troiae

244 1966 512 2043 Vertere,
558 1970 689 2026 tum
734 1968 923 2028 laetos
968 1970 1199 2044 patrios
1247 1967 1523 2028 accedere
1567 1971 1792 2045 portus.

245 2054 500 2115 Munera
543 2056 937 2132 praetendens
984 2056 1173 2135 vobiS,
1218 2056 1366 2116 haec
1410 2076 1660 2117 munera
1701 2060 1898 2133 port0,

247 2144 496 2220 Sumite,
541 2148 667 2204 tam
714 2164 916 2205 caram
960 2147 1178 2205 misero
1222 2146 1374 2204 mihi
1419 2146 1642 2206 credite
1687 2149 1895 2206 natam

237 2234 329 2303 ,Et
372 2253 657 2313 magnum
705 2239 938 2312 sperate
987 2235 1181 2309 deum,
1228 2238 1326 2295 cui
1372 2238 1535 2295 certa
1581 2234 1805 2314 sagitta

162 2346 217 2387 25
243 2324 359 2383 Est
402 2323 678 2384 manibus
722 2325 1036 2400 prolesque
1081 2324 1244 2386 Iovis
1292 2327 1602 2384 carissima
1646 2344 1892 2401 semper.

246 2412 567 2473 Assensere
615 2412 721 2471 alii
765 2412 1149 2490 tollendaque
1195 2414 1466 2490 praemia
1511 2416 1752 2473 censent

246 2501 748 2578 Reddendamque
791 2503 955 2578 patri
999 2505 1207 2561 natam
1251 2505 1568 2578 vatemque
1615 2505 1823 2562 vereri.

244 2591 336 2651 Ac
380 2609 499 2651 non
545 2591 796 2650 Atridae
841 2592 1072 2669 placuit
1117 2592 1432 2666 sententia,
1478 2592 1654 2652 dictis

250 2680 367 2740 Sed
412 2679 695 2759 gravibus
745 2679 1011 2740 Chrisem
1055 2681 1288 2740 ratibus
1336 2681 1634 2741 discedere
1676 2683 1857 2742 iussit

161 2791 220 2832 so
249 2771 542 2846 Taliaque
588 2770 867 2830 horribili
911 2771 1085 2830 vultu
1128 2770 1444 2845 verbisque
1489 2773 1784 2831 minatus:

246 2859 407 2919 Hinc
451 2861 756 2935 periturus
803 2858 930 2919 abi!
975 2861 1100 2918 iam
1144 2861 1207 2918 te
1252 2879 1361 2919 nec
1405 2862 1653 2918 numina
1698 2858 1889 2918 Phebi

242 2949 385 3008 Non
428 2949 587 3007 lauri
630 2968 751 3008 non
798 2951 1034 3023 sceptra
1078 2951 1303 3025 tegent,
1349 2950 1402 3008 si
1445 2948 1699 3009 navibus
1746 2950 1887 3009 altis

247 3037 368 3096 Seu
411 3057 569 3097 nunc
612 3037 954 3098 tardantem
998 3055 1205 3097 rursus
1252 3056 1358 3098 seu
1403 3040 1601 3098 castra
1644 3040 1947 3115 petentem

244 3127 555 3206 Attigero:
599 3145 708 3185 nec
754 3129 913 3186 enim
959 3129 1099 3186 ante
1144 3129 1318 3204 putes
1364 3127 1481 3185 tibi
1525 3128 1754 3188 solvere
1799 3130 2008 3186 natam

160 3236 219 3278 35
250 3214 447 3285 Quam
489 3216 701 3292 procul
746 3235 783 3274 a
827 3218 1030 3293 patria
1074 3235 1253 3276 canos
1302 3216 1631 3277 ostenderit
1672 3217 1881 3294 Argis!

245 3305 366 3364 Hic
412 3308 581 3365 texat
624 3305 795 3378 telas,
839 3305 937 3364 hic
981 3309 1188 3364 nostra
1234 3304 1458 3365 cubilia
1504 3308 1688 3366 curet.

247 3395 281 3453 I
325 3395 571 3454 tandem
616 3411 944 3470 caveasque
988 3397 1114 3454 tuis
1159 3414 1254 3455 me
1300 3394 1612 3454 incendere
1659 3395 1883 3455 verbis!

396 3587 461 3636 13
501 3581 864 3651 Chrieemque
890 3584 909 3653 ΙΙ
939 3587 1003 3637 19
1045 3583 1230 3636 servat
1254 3585 1274 3651 ΙΙ
1302 3587 1372 3635 24
1410 3582 1639 3653 sagipta

2182 209 2268 274 41
