2650 3925
961 207 1376 264 PRAEFATIO
1599 215 1602 218 ’
2084 205 2192 261 XV

93 366 340 425 thecae
394 365 607 443 regiae
651 363 936 423 Lucensis
983 352 1154 442 (Cod.
1191 360 1548 421 Lucchesini
1592 359 1666 418 N.
1701 351 1876 439 149).
1967 358 2192 419 Poetae

93 473 349 514 nomen
425 455 636 513 omisit
686 452 1008 511 Mancini
1068 451 1134 509 in
1195 449 1393 509 indice
1438 448 1563 509 cod.
1610 450 1716 509 lat.
1762 449 1926 508 illius
1972 447 2190 508 biblio·

93 544 344 604 thecae
400 535 620 623 (Studi
663 541 791 601 ital.
838 541 903 600 di
945 539 1088 599 filol.
1136 539 1305 600 class.
1343 538 1512 614 VIII,
1562 541 1753 613 1900,
1797 558 1855 614 p.
1896 529 2073 618 214).

258 772 605 834 Porcariae
672 775 1002 849 ceterisque
1061 772 1302 832 Horatii
1372 771 1734 831 carminibus
1807 770 2194 831 adiciendum

113 865 369 941 putavi
418 863 625 922 Petri
664 862 743 921 de
785 861 1002 921 Godis
1030 863 1338 921 Vicentini
1366 861 1438 921 de
1475 859 1884 921 coniuratione
1909 860 2200 920 Porcaria

111 952 520 1030 opusculum,
569 970 689 1027 quo
726 951 866 1011 inde
908 970 950 1010 a
980 951 1296 1012 Dominico
1337 948 1613 1029 Georgio,
1661 951 1769 1026 qui
1814 969 1971 1009 anno
2015 950 2189 1010 1742

112 1042 388 1102 Nicolai
434 1042 494 1099 V
547 1041 739 1101 vitam
794 1059 836 1099 a
894 1059 956 1100 se
1018 1041 1419 1117 conscriptam
1491 1039 1697 1117 edidit,
1760 1038 1926 1098 illius
1973 1040 2193 1098 aetatis

119 1151 349 1191 rerum
397 1132 720 1206 scriptores
764 1130 931 1189 fonte
987 1130 1084 1191 usi
1128 1132 1269 1190 sunt
1319 1128 1484 1189 haud
1539 1127 1985 1188 contemnend0.
2075 1126 2195 1186 Re-

127 1222 374 1280 mansit
422 1222 627 1279 autem
672 1219 969 1279 ineditum
1012 1237 1201 1294 usque
1239 1218 1315 1277 ad
1363 1237 1587 1276 annum
1629 1218 1754 1276 187
1762 1219 1820 1292 9,
1868 1235 1987 1292 quo
2032 1235 2194 1276 anno

130 1309 308 1386 typis
358 1309 817 1386 exprimendum
863 1308 1100 1368 curavit
1137 1327 1169 1366 e
1217 1307 1416 1367 codice
1451 1306 1890 1384 Regimontano
1918 1306 1996 1364 M.
2025 1305 2190 1365 Perl-

132 1390 384 1481 bach.¹)
482 1398 671 1469 Quem
715 1397 980 1457 codicem
1026 1398 1174 1457 satis
1220 1396 1572 1456 mendosum
1628 1414 1966 1472 parumque
2022 1413 2191 1455 accu-

139 1491 279 1547 rate
330 1486 626 1564 scriptum
672 1504 798 1547 esse
846 1505 979 1546 cum
1026 1486 1155 1562 ipse
1200 1486 1375 1562 vidit,
1421 1488 1553 1544 tum
1598 1482 1666 1544 O.
1705 1485 2125 1544 Tommasinus
2139 1475 2195 1564 ²)

143 1576 337 1637 verba
385 1577 699 1651 scriptoris
741 1576 934 1635 multo
979 1576 1195 1634 melius
1240 1576 1511 1651 potuisse
1557 1576 1860 1648 constitui,
1914 1574 1969 1633 si
2020 1573 2195 1631 Vati-

152 1683 379 1725 canum
453 1663 558 1722 ille
633 1664 893 1724 codicem
967 1663 1363 1739 adhibuisset,
1438 1663 1666 1740 optimo
1738 1664 1870 1722 iure
1941 1664 2195 1721 monuit.

158 1754 351 1824 Quem
396 1753 587 1829 ipsius
650 1755 911 1814 auctoris
965 1772 1152 1812 manu
1215 1755 1618 1830 conscriptum
1664 1770 1789 1812 esse
1852 1770 1972 1811 non
2015 1752 2200 1827 plane

160 1861 198 1901 a
244 1861 387 1902 vero
436 1841 751 1902 abhorrere
795 1843 1052 1918 videtur,
1098 1846 1256 1903 certe
1301 1845 1481 1902 notae
1529 1840 1824 1917 quaedam
1867 1840 2199 1899 Pandecta·

160 1952 296 1992 rum
342 1930 579 1992 Codicis
624 1932 1044 1993 canonicorum
1102 1931 1398 1991 librorum
1452 1933 1615 1992 locos
1670 1930 2053 2009 designantes
2098 1930 2200 1990 vel

165 2022 239 2081 ab
274 2024 404 2098 ipso
450 2023 712 2101 margini
757 2022 1027 2082 adiectae
1061 2023 1159 2082 vel
1197 2042 1268 2081 ex
1305 2024 1432 2081 eius
1478 2021 1805 2097 exemplari
1849 2020 2197 2095 desumptae

167 2114 320 2171 sunt.
410 2111 608 2181 Quare
663 2130 799 2171 cum
845 2130 876 2170 e
932 2111 1130 2171 codice
1175 2112 1474 2170 Vaticano
1531 2130 1708 2186 quem
1763 2108 1993 2168 contuli
2038 2127 2201 2169 anno

170 2200 490 2277 praeterito
573 2203 809 2260 textum
891 2200 1304 2260 excutiendum
1378 2201 1774 2276 putavissem,
1846 2200 2050 2257 tamen
2123 2217 2201 2257 ne

176 2289 465 2366 exemplar
512 2289 754 2365 quidem
789 2289 1294 2368 Regimontanum
1331 2307 1576 2365 prorsus
1622 2287 1998 2346 abiciendum
2034 2286 2198 2346 vide·

178 2377 363 2435 batur.
445 2379 605 2438 Nam
653 2397 789 2438 cum
845 2397 966 2437 non
1025 2379 1277 2457 singulis
1340 2378 1517 2436 modo
1575 2376 1792 2451 verbis,
1849 2376 1952 2435 sed
2013 2378 2200 2435 etiam

186 2467 325 2524 totis
360 2469 683 2527 enuntiatis
721 2466 796 2527 ab
834 2468 942 2527 illo
990 2468 1329 2542 abhorreat,
1373 2467 1664 2527 nonnulla
1702 2465 1905 2540 addat,
1950 2466 2202 2524 omittat

187 2555 330 2629 alia,
389 2575 456 2614 ex
514 2559 712 2632 priore
778 2557 1038 2632 quadam
1111 2556 1340 2634 dialogi
1403 2557 1598 2616 forma
1657 2575 1794 2614 eum
1864 2553 2203 2613 redundare

187 2646 465 2721 suspicari
506 2645 668 2720 licet,
713 2647 804 2705 ita
847 2648 918 2705 ut
963 2645 1164 2705 codice
1213 2646 1407 2704 denuo
1463 2645 1683 2705 collato
1740 2662 1896 2719 quae
1944 2662 1981 2702 a
2022 2643 2200 2702 Vati·

188 2752 323 2793 cano
366 2734 771 2811 discreparent
812 2754 921 2811 pro
960 2735 1350 2794 adnotatione
1397 2733 1670 2793 addenda
1716 2734 2200 2792 existimaverim.

312 2822 545 2883 Petrum
609 2824 682 2882 de
743 2821 924 2883 Godis
984 2827 1187 2882 autem
1242 2823 1735 2883 iurisconsultum
1808 2823 1869 2881 et
1938 2820 2199 2880 iudicem

194 2911 385 2972 iudicii
426 2912 588 2988 quod
633 2912 853 2972 dicitur
907 2913 1330 2990 appellationis
1375 2913 1587 2989 populi
1629 2911 1888 2970 Romani
1933 2910 2120 2970 fuisse
2168 2931 2201 2969 0

198 3000 439 3078 regIstn’s
487 3021 639 3076 quae
677 3002 962 3061 dicuntur
1002 3021 1270 3061 camerae
1318 3002 1680 3078 apostolicae
1727 2998 1989 3059 ostendit
2025 3000 2203 3059 Tom-

200 3091 434 3150 masinus
478 3091 517 3149 1.
557 3109 604 3149 c.
652 3111 707 3167 p.
751 3091 852 3150 69.
945 3091 1132 3162 Quem
1180 3093 1312 3150 tota
1355 3092 1586 3168 ingenii
1629 3090 1828 3149 indole
1867 3088 2202 3149 studiorum

329 3298 375 3366 1)
406 3295 590 3351 Petri
647 3297 724 3351 de
782 3295 989 3351 Godis
1035 3296 1324 3351 Vicentini
1371 3296 1538 3366 dyalo
1581 3313 1655 3350 on
1692 3297 1763 3351 de
1813 3295 2203 3366 conjuratione

207 3364 445 3422 Pomaria.
519 3367 637 3421 Aue
684 3367 840 3423 einer
875 3367 1292 3439 Konigsberger
1326 3367 1557 3422 Handsc
1597 3367 1699 3422 rift
1742 3366 2202 3438 herausgegeben

208 3453 302 3491 von
331 3438 411 3493 Dr.
442 3438 517 3492 M.
555 3437 912 3494 Perlbach.
989 3439 1324 3494 Greifswald
1366 3444 1520 3493 1879.

333 3512 377 3580 2)
408 3510 738 3565 Documenti
773 3510 996 3565 relativi
1053 3528 1088 3564 a
1142 3511 1373 3565 Stefano
1409 3511 1652 3564 Porcari.
1727 3509 1991 3564 Archivio
2048 3508 2204 3564 della

213 3580 392 3634 societa
422 3581 675 3635 Romana
713 3581 773 3635 di
809 3583 986 3637 storia
1021 3581 1213 3652 patria
1248 3581 1374 3636 Vol.
1402 3581 1497 3649 HI,
1540 3586 1695 3649 1880,
1732 3600 1787 3651 p.
1820 3587 1903 3636 67.
