2650 3925
353 179 440 243 56
1343 178 1394 231 X

354 330 640 389 Exoriare
688 330 907 405 aliquis
950 330 1073 388 Iuli
1118 329 1189 387 de
1237 330 1525 408 sanguine
1573 328 1804 402 vindex,

355 420 476 489 Qui
517 419 658 478 fidei
705 420 1004 479 accinctus
1051 419 1241 494 clipeo
1287 421 1463 478 vocet
1506 416 1749 496 agmina
1794 436 2003 494 regum

358 507 795 583 caesareosque
841 508 1016 567 duces
1061 508 1358 584 terrisque
1402 509 1758 566 exterminet
1800 506 2050 565 hostem.

355 597 626 656 Antistes
673 599 753 655 sit
798 597 991 657 Roma
1034 597 1194 673 Pius,
1242 616 1364 673 quo
1408 597 1678 672 principe
1722 614 1927 655 rursus

250 708 331 748 125
357 684 548 746 Laeta
591 686 986 763 triumphales
1034 684 1335 761 Capitolia
1380 686 1454 744 ad
1502 686 1627 744 alta
1671 685 1902 744 videbis

355 775 452 834 Ire
500 776 712 835 ducum
762 794 969 836 currus
1013 776 1322 851 victasque
1369 794 1440 835 ex
1485 774 1691 833 ordine
1737 778 1959 852 gentes.

357 864 468 923 Ille
515 883 693 940 super
736 864 966 925 Poenos
1012 864 1241 923 Arabes
1288 863 1578 939 Ethiopes
1625 866 1687 923 et
1730 862 1911 922 Indos

291 982 295 987 ·
358 952 696 1029 Oceanique
741 973 953 1013 manus
999 958 1269 1012 austrum
1311 953 1674 1028 boreamque
1718 956 2031 1012 sonantem

295 1075 303 1081 ·
357 1042 621 1119 Imperia
665 1043 942 1102 extendet
986 1042 1168 1102 nullis
1214 1042 1472 1102 confinia
1514 1043 1707 1101 terris,

253 1154 334 1193 130
359 1132 446 1190 At
488 1135 558 1190 tu
602 1131 736 1191 dive
782 1135 973 1207 pater,
1020 1132 1252 1191 coelum
1297 1133 1396 1190 cui
1442 1131 1703 1190 creditur
1747 1134 1808 1189 et
1853 1150 1957 1206 spe

365 1220 592 1280 Cuncta
636 1221 801 1281 foves
844 1221 1263 1297 hominemque
1307 1220 1441 1280 Iovi
1487 1222 1541 1279 si
1584 1221 1815 1296 penitet
1861 1221 1986 1279 alto

362 1309 679 1386 Concilias,
723 1310 994 1386 pedibus
1020 1329 1387 1386 quamquam
1431 1311 1634 1388 gravis
1681 1313 1741 1368 et
1786 1307 1987 1387 gravis
2035 1327 2201 1382 aevo,

362 1399 651 1458 Difficiles
696 1401 933 1476 magnis
979 1402 1278 1476 superasti
1321 1398 1659 1476 sumptibus
1704 1399 1890 1475 Alpes

362 1488 564 1564 thue
607 1488 778 1549 bonis
823 1491 1064 1548 tantum
1109 1488 1519 1547 communibus
1565 1507 1778 1565 aspera
1820 1506 2031 1564 passus

257 1599 335 1639 135
366 1576 741 1637 Consuleres:
786 1578 934 1637 haec
978 1597 1100 1636 una
1142 1577 1257 1636 tibi
1301 1579 1405 1637 via
1448 1579 1580 1637 visa
1625 1579 1855 1653 salutis,

365 1666 608 1726 Scilicet
652 1670 721 1725 ut
770 1666 994 1725 Christi
1037 1685 1206 1744 reges
1255 1669 1363 1742 qui
1405 1666 1579 1743 signa
1623 1670 1954 1742 sequuntur

366 1755 737 1816 Conveniant
781 1756 887 1814 ubi
930 1760 992 1815 te
1035 1758 1262 1831 recepit
1305 1755 1483 1815 modo
1528 1756 1778 1814 Mantua
1820 1756 2100 1831 primum,

317 1896 321 1901 .
364 1846 615 1904 Mantua
659 1844 1027 1921 principibus
1073 1846 1254 1904 tellus
1300 1844 1532 1904 delecta
1574 1846 1805 1905 vocatis

364 1934 575 1995 Hostis
620 1934 683 1993 in
730 1934 1039 1994 excidium.
1133 1935 1304 2005 Quod
1349 1935 1404 1995 si
1448 1933 1561 1994 tibi
1606 1934 1845 2013 longius
1891 1953 2102 1994 aevum

260 2045 339 2085 140
365 2024 520 2083 Fata
566 2024 809 2099 dabunt,
854 2023 1036 2084 Asiae
1083 2024 1260 2084 solito
1306 2028 1441 2084 ruet
1487 2026 1681 2083 omine
1727 2043 1991 2102 regnum.

369 2114 462 2172 Tu
502 2117 709 2173 tamen
756 2117 895 2173 ante
939 2113 1165 2173 Italum
1210 2116 1423 2173 metire
1466 2116 1532 2172 in
1578 2113 1807 2189 proelia
1851 2113 2028 2186 vires,

368 2203 688 2263 Discordes
731 2203 1095 2278 populorum
1141 2205 1373 2262 animos
1418 2222 1744 2280 regumque
1791 2202 2123 2279 ducumque

369 2291 570 2351 Redde
614 2293 678 2350 in
726 2292 1069 2352 amicitiam.
1165 2290 1390 2351 Coeant
1435 2291 1499 2350 in
1545 2291 1787 2350 foedera
1832 2295 2055 2369 genteS,

371 2379 662 2440 Omnibus
708 2401 829 2439 una
876 2382 1036 2441 salus
1084 2401 1270 2439 unum
1315 2384 1376 2439 et
1422 2399 1729 2440 commune
1774 2381 2082 2456 periclum,

264 2489 342 2531 145
373 2470 467 2529 Sit
510 2469 681 2528 labor
725 2488 879 2528 unus
925 2473 986 2528 ct
1030 2489 1150 2528 una
1193 2469 1656 2546 indeficiensque
1701 2471 1996 2529 voluntas.

322 2575 327 2579 ·
371 2559 663 2634 Hesperia
707 2560 771 2617 in
817 2559 1080 2618 Turchos
1126 2560 1271 2619 totis
1316 2562 1523 2619 vomat
1570 2558 1812 2618 aedibus
1860 2560 2097 2616 aurum!

293 2669 311 2686 ··
356 2649 561 2725 ‘Iunge
607 2648 760 2707 acies
805 2651 1059 2724 tantum,
1105 2648 1482 2708 Pandom'des
1529 2648 1679 2707 adde
1722 2647 1958 2707 Latinis

372 2737 829 2813 Pandoniosque
874 2736 1067 2812 duces,
1115 2736 1350 2812 Caesar,
1397 2756 1546 2814 quos
1589 2737 1783 2796 Marte
1827 2738 2066 2813 fatigas

373 2827 567 2896 Quam
611 2827 824 2886 melius
868 2830 999 2885 toto
1047 2831 1334 2886 certasses
1379 2845 1624 2903 corpore
1668 2828 1839 2903 regni

270 2926 348 2976 15'0
373 2917 447 2974 In
494 2916 783 2975 Turchos:
828 2917 975 2975 haec
1018 2918 1139 2975 ista
1185 2916 1354 2975 decet
1398 2935 1517 2975 non
1561 2919 1828 2991 tempore
1872 2916 1987 2974 tali

297 3013 329 3033 '·
357 3004 598 3063 'Militia
643 3009 704 3065 et
747 3006 985 3081 pulchri
1029 3024 1150 3064 non
1196 3008 1339 3063 sunt
1383 3007 1511 3065 sine
1555 3004 1733 3064 laude
1777 3004 2028 3064 laboreS.

325 3100 332 3107 ’
376 3095 703 3170 Imperium
724 3097 802 3177 'si
847 3094 992 3170 quid
1038 3094 1249 3154 solitae
1294 3094 1536 3153 virtutis
1583 3098 1643 3153 et
1690 3093 1849 3153 altae

358 3183 714 3243 'Maiestatis
758 3182 957 3257 habet,
1000 3183 1139 3242 fidei
1185 3185 1239 3242 si
1283 3183 1523 3242 vincula
1569 3186 1773 3256 sentiS,

377 3273 535 3332 Ante
583 3272 755 3331 deum
805 3272 1034 3332 sancita
1080 3266 1343 3353 (utinam
1388 3292 1509 3333 non
1553 3265 1754 3353 irrita)
1802 3272 2026 3347 dextra,

272 3382 351 3424 15⁵
378 3364 470 3422 Ne
515 3362 721 3421 divina
766 3360 993 3421 obitum
1039 3381 1149 3438 pro
1193 3362 1484 3440 religione
1527 3379 1777 3434 recuses,

527 3555 625 3602 137
664 3550 876 3619 recepit
901 3553 921 3619 ll
951 3555 1052 3602 146
1091 3552 1255 3605 vovat
1280 3553 1299 3620 ΙΙ
1330 3555 1428 3603 157
1468 3549 1599 3602 Nun

2388 347 2472 386 134

2388 436 2469 475 135

2391 525 2470 565 136

2391 703 2471 743 138

2392 792 2470 832 139

2391 881 2472 920 140

2392 972 2471 1010 141

2393 1060 2472 1099 142

2423 1416 2474 1454 21

2422 1504 2475 1544 22

2424 1772 2476 1811 24

2425 1951 2478 1990 26

2423 2221 2479 2260 32

2425 2310 2479 2351 33

2426 2402 2480 2441 34

2426 2492 2481 2531 ³5

2428 2581 2482 2620 36

2403 2671 2483 2710 14³

2404 2761 2484 2799 144

2404 2848 2485 2889 145

2405 2938 2487 2977 146

2406 3028 2486 3067 147

2407 3118 2489 3156 148

2408 3206 2490 3244 149

2405 3270 2493 3333 ’150
