2650 3925
366 176 421 229 X
1179 175 1590 231 PRAEFATIO

372 328 540 386 cuius
611 326 928 402 imperium
1002 327 1144 387 fatis
1209 327 1325 386 sibi
1388 329 1470 387 sit
1542 329 1921 388 destinatum.
2011 329 2404 389 Nicodemum

372 418 572 475 autem
617 414 807 489 illum,
854 416 931 474 ad
978 435 1154 491 quem
1200 416 1489 476 Horatius
1536 437 1775 477 carmen
1829 419 2100 493 miserat,
2147 419 2401 479 Nicode-

368 524 535 564 mum
589 505 1065 564 Tranchedinum
1128 505 1655 565 Pontremolanum
1719 506 1977 566 Sfortiae
2040 508 2402 583 familiarem

367 611 496 653 esse
542 610 773 652 summa
818 613 953 652 cum
998 596 1128 655 veri
1172 597 1366 671 specie
1413 596 1555 656 licet
1598 598 1909 671 suspicari,
1966 597 2071 672 qui
2115 597 2222 656 illo
2267 598 2400 674 ipso

370 685 637 758 tempore
682 683 914 761 legatus
961 681 1187 743 Romae
1232 704 1475 744 munere
1523 685 1689 744 ducis
1735 678 2177 766 flingebatur.¹)

503 771 745 831 Horatii
809 774 1189 846 carminibus,
1253 774 1327 833 de
1372 774 1588 850 quibus
1637 774 1829 833 adhuc
1892 774 2167 849 diximus,
2229 776 2400 836 lectis

366 860 685 920 Nicolaum
728 859 786 916 V
851 860 1172 920 adductum
1225 880 1369 933 esse,
1432 866 1501 922 ut
1563 864 1804 938 poetam
1852 864 1927 923 ad
1991 865 2186 923 maius
2251 882 2401 941 opus

367 950 835 1027 aggrediendum
897 951 1232 1027 impelleret
1293 952 1459 1010 haud
1503 953 1741 1011 videtur
1801 952 2217 1028 improbabile.
2309 953 2400 1013 De

371 1058 491 1115 qua
534 1059 598 1098 re
638 1039 872 1098 Aeneas
910 1038 1152 1115 Sylvius
1198 1042 1263 1099 in
1298 1041 1572 1101 Historia
1618 1042 1690 1100 de
1727 1042 1973 1117 Europa
2018 1060 2174 1101 anno
2224 1043 2398 1102 1458

366 1128 640 1188 confecta
683 1128 830 1187 haec
876 1129 1026 1188 dicit
1038 1120 1116 1210 ²):
1176 1129 1257 1188 In
1301 1131 1551 1189 Homeri
1593 1147 1728 1189 vero
1762 1135 2047 1204 poemate,
2108 1133 2262 1205 quod
2307 1134 2400 1191 he-

364 1220 523 1277 roico
569 1220 828 1277 carmine
872 1219 1124 1277 latinum
1167 1221 1301 1290 fieri
1353 1236 1703 1293 magmopere
1764 1221 2046 1295 cupiebat,
2093 1238 2226 1280 cwm
2259 1221 2401 1294 plu-

367 1309 506 1365 rimi
557 1324 775 1366 morem
820 1310 873 1366 ei
930 1325 1129 1381 yerere
1191 1313 1558 1383 conarentur,
1620 1326 1777 1367 umus
1842 1313 2072 1367 tantum
2130 1312 2401 1369 inventus

365 1399 466 1463 est,
513 1398 616 1468 qwi
660 1397 785 1455 acri
831 1397 956 1456 eius
1005 1398 1223 1457 iudicio
1279 1399 1666 1471 satisfaceret,
1724 1398 2028 1457 Horatius·
2054 1399 2401 1469 Romanus,

367 1486 470 1558 qui
511 1486 830 1544 scribatwm
883 1487 1260 1560 apostolieum
1306 1505 1376 1546 ea
1421 1488 1493 1545 de
1536 1505 1601 1546 re
1663 1492 1995 1546 consecutus
2060 1491 2402 1562 maynisque

352 1575 877 1648 polbieitationibus
919 1574 1141 1635 illectus
1187 1575 1236 1633 I
1234 1577 1450 1636 biadem
1501 1594 1807 1651 aggressus
1859 1578 2170 1636 nonnullos
2216 1594 2285 1637 ex
2330 1596 2401 1637 ea

369 1664 548 1723 libros
611 1664 825 1723 latinos
869 1665 1004 1737 fecit
1059 1665 1291 1738 diyrwS,
1347 1682 1489 1739 quos
1550 1670 1754 1725 nostra
1805 1668 2148 1736 miraretur,
2191 1669 2402 1741 prisca

366 1769 488 1811 nort
547 1754 930 1826 improbasset
982 1758 1159 1813 aetas.
1252 1753 1479 1823 Quodsi
1514 1773 1701 1812 unum
1738 1754 2061 1814 Horatium
2094 1755 2397 1830 pontificis

362 1840 588 1901 iudicio
662 1841 1018 1902 satisfecisse
1083 1842 1255 1916 dicit,
1327 1862 1455 1901 rem
1519 1845 1677 1902 certe
1740 1844 1935 1903 verbis
1992 1846 2172 1903 nimis
2233 1847 2401 1904 auxit

367 1929 619 2005 Aeneas,
666 1948 802 1991 cum
847 1932 1029 1990 etiam
1074 1933 1396 2009 specimine
1432 1932 1642 1992 Iliadis
1682 1951 1718 1992 a
1757 1931 1970 1993 Garolo
2007 1933 2396 2011 Marsuppino

364 2022 723 2080 cancellario
760 2020 1106 2080 Florentino
1151 2022 1481 2082 translatae
1527 2040 1758 2081 summa
1796 2023 2189 2083 admiratione
2227 2025 2399 2084 affec-

367 2113 500 2170 tum
546 2129 673 2170 esse
717 2110 1039 2169 Nicolaum
1093 2112 1340 2170 constet.
1430 2112 1702 2171 Mortuus
1759 2114 1959 2171 autem
2016 2115 2105 2172 est
2151 2112 2399 2174 Carolus

362 2217 569 2258 mense
627 2199 829 2275 Aprili
892 2202 1035 2259 anni
1085 2201 1253 2259 1453
1321 2220 1421 2261 sex
1485 2201 1783 2260 mensibus
1847 2204 1986 2277 post
2047 2221 2228 2277 quam
2293 2222 2401 2279 per

365 2288 604 2347 litteras
651 2307 786 2347 eum
837 2289 1283 2350 collaudaverat
1327 2289 1596 2366 pontifex
1608 2281 1689 2370 ⁸);
1749 2292 1930 2366 atque
1974 2293 2106 2349 tum
2161 2291 2398 2350 demum

367 2377 685 2436 Horatium
756 2396 859 2454 spe
917 2379 1140 2438 favoris
1198 2379 1496 2454 pontificii
1554 2382 1917 2438 commotum
1974 2380 2071 2440 vel
2132 2380 2206 2439 ab
2266 2383 2398 2457 ipso

364 2468 724 2545 instigatum
787 2484 935 2542 opus
995 2468 1070 2526 ab
1133 2467 1240 2526 illo
1305 2470 1590 2527 omissum
1655 2470 1983 2545 suscepisse
2048 2469 2400 2531 crediderim

367 2587 456 2596 -—
502 2574 654 2631 opus
701 2558 857 2636 certe
903 2558 1059 2615 vires
1108 2558 1234 2615 eius
1282 2557 1592 2631 excedens,
1646 2558 1867 2635 quippe
1923 2560 2085 2635 quod
2139 2560 2235 2619 vel
2280 2559 2398 2618 Ba-

364 2646 555 2704 sinius
601 2645 940 2705 Parmensis
984 2648 1164 2722 poeta
1208 2645 1387 2725 longe
1431 2647 1621 2722 pluris
1670 2648 2073 2708 aestimandus
2132 2647 2398 2708 modeste

366 2753 405 2792 a
441 2753 502 2794 se
547 2735 885 2794 removerit.
896 2727 951 2816 4)
1042 2735 1376 2795 Nonnullos
1423 2739 1625 2795 autem
1657 2737 1867 2796 Iliadis
1903 2736 2086 2796 libros
2124 2739 2398 2812 quamvis

366 2841 488 2882 non
533 2825 657 2882 sint
712 2825 937 2899 reperti
995 2826 1141 2900 quin
1184 2844 1248 2883 re
1308 2844 1452 2884 vera
1509 2826 1887 2885 transtulerit
1930 2825 2218 2884 Horatius
2278 2844 2399 2885 non

367 2914 458 2971 est
521 2931 626 2971 cur
689 2912 1045 2987 dubitemuS,
1109 2931 1244 2972 cum
1319 2916 1503 2973 etiam
1574 2916 1785 2989 postea
1829 2914 1937 2973 Pio
1983 2913 2047 2972 Π
2115 2913 2397 2990 pontifice

366 3001 627 3063 Homero
698 3002 1109 3062 transferendo
1183 3020 1426 3078 operam
1501 3021 1636 3061 eum
1709 3003 1937 3062 dedisse
2010 3001 2307 3061 efficiatur
2365 3021 2396 3061 e

461 3332 473 3344 ο
512 3264 564 3331 1)
601 3239 870 3328 Pastor,
939 3260 1272 3316 Geschichte
1338 3262 1438 3314 der
1490 3260 1699 3330 Papste
1757 3260 1821 3328 ⁸1,
1857 3267 1978 3316 364.
2013 3267 2116 3315 426
2156 3260 2395 3329 aliisque

365 3332 564 3474 100189)
601 3404 868 3459 Aeneae
907 3404 1112 3459 Silvii
1150 3420 1336 3473 opera,
1374 3403 1631 3459 Basileae
1670 3410 1828 3471 1551,
1865 3423 1921 3474 p.
1951 3409 2073 3459 459.

512 3480 564 3546 3)
602 3475 836 3547 Voigt,
875 3475 1392 3547 Wiederbelebung
1427 3476 1525 3530 des
1564 3477 1726 3532 class.
1764 3476 2075 3533 Altertums
2119 3475 2218 3544 ⁸11,
2248 3481 2367 3530 195.

510 3550 564 3617 4)
602 3548 869 3602 Basinii
906 3548 1221 3603 Parmensis
1258 3563 1446 3618 opera,
1486 3549 1725 3603 Arimini
1765 3555 1920 3617 1794,
1959 3548 2020 3605 Τ.
2051 3548 2118 3603 Π.
2146 3548 2208 3602 Ρ.
2236 3547 2278 3619 I,
2310 3553 2394 3603 13.
