2650 3925
345 182 435 247 70
1063 183 1279 239 PETRI
1314 184 1413 239 DE
1452 184 1665 241 GODIS
1763 217 1769 224 ·

348 354 476 395 rem
521 334 648 393 eius
691 332 1100 396 inobedientes
1147 338 1509 396 sententiam
1552 337 1699 397 tulit
1742 337 1943 398 dicens
1988 337 2186 397 Adae:
2242 339 2398 414 quia

352 423 667 485 comedisti
701 423 775 483 de
816 424 1003 501 ligno,
1049 444 1118 484 ex
1165 444 1282 501 quo
1327 445 1710 529 preceperam
1753 426 1869 486 tibi
1913 446 1988 486 ne
2033 426 2397 503 comedereS,

354 512 677 573 maledicta
727 515 891 573 terra
933 514 1001 572 in
1056 533 1232 589 opere
1275 517 1411 589 tuo,
1471 517 1539 574 in
1598 515 1905 575 laboribus
1969 510 2270 596 [comedes
2317 535 2396 576 ex

357 597 458 682 ea]
504 603 732 662 cunctis
776 601 983 662 diebus
1029 606 1192 663 vitae
1237 606 1398 679 tuae,
1440 606 1507 663 in
1552 603 1765 664 sudore
1810 607 2014 665 vultus
2058 606 2154 665 tui
2187 624 2394 666 vesce-

300 715 324 755 5
351 695 436 752 ris
481 710 636 768 pane
681 694 804 751 tuo.
893 691 1060 752 Evae
1106 712 1247 753 vero
1289 693 1532 753 dicens:
1593 695 1660 752 in
1718 693 1922 754 dolore
1983 695 2184 770 paries
2228 694 2392 754 filios

354 784 414 841 et
461 779 572 840 sub
617 781 734 840 viri
779 783 1077 856 potestate
1124 785 1239 842 eris
1287 785 1350 841 et
1393 784 1521 858 ipse
1567 782 1971 842 dominabitur
2013 785 2124 843 tui.
2205 782 2392 843 Prae-

350 876 516 931 terea
560 869 703 929 deus
766 870 1228 948 condempnavit
1272 871 1500 947 Ghaim‚
1565 872 1669 948 qui
1728 872 1882 931 Abel
1944 873 2194 932 fratrem
2256 873 2391 932 eius

351 959 679 1034 interfecit,
752 960 977 1019 dicens:
1050 961 1405 1020 maledictus
1469 962 1585 1021 eris
1654 978 1834 1038 super
1904 964 2155 1037 terram,
2229 981 2388 1038 quae

353 1051 616 1125 suscepit
661 1049 1011 1127 sanguinem
1054 1051 1261 1110 fratris
1305 1052 1401 1109 tui
1445 1049 1517 1110 de
1562 1068 1746 1110 manu
1790 1054 1923 1127 tua3
1982 1070 2116 1110 cum
2178 1069 2390 1127 opera-

275 1160 326 1201 10
353 1143 450 1198 tus
513 1138 697 1197 fueris
761 1157 919 1213 eam,
965 1158 1102 1200 ·non
1156 1139 1329 1199 dabit
1379 1137 1495 1199 tibi
1557 1141 1787 1199 fructus
1850 1158 2013 1217 suos,
2077 1159 2267 1218 vagus
2327 1144 2391 1200 et-

351 1229 640 1331 profugus
684 1229 803 1287 eris
848 1247 1038 1305 super
1081 1231 1332 1303 terram3
1387 1247 1773 1306 egressusque
1821 1228 2033 1289 Ghaim
2084 1230 2393 1289 habitavit

352 1319 417 1376 in
478 1319 641 1377 terra
702 1318 994 1418 profugus
1050 1318 1127 1378 ad
1191 1319 1543 1378 orientalem
1604 1319 1851 1397 plagam
1907 1317 2096 1377 Edon.
2187 1318 2388 1378 Multa

354 1425 590 1484 quoque
645 1406 768 1466 alia
826 1406 998 1486 signa
1058 1407 1370 1486 regiminis
1430 1407 1575 1466 fecit
1637 1406 1781 1467 deus
1845 1426 2035 1483 usque
2096 1407 2174 1467 ad
2235 1408 2386 1467 Noe.

354 1496 446 1554 Ex
489 1498 756 1571 tempore
810 1515 951 1555 vero
995 1497 1126 1556 Noe
1190 1498 1352 1572 cepit
1404 1495 1583 1556 deus
1612 1498 1914 1556 creaturas
1979 1514 2116 1556 suas
2178 1515 2389 1576 regere

276 1606 326 1646 15
353 1604 463 1660 per
523 1584 848 1658 ministros,
913 1605 1166 1661 quorum
1227 1587 1456 1662 primus
1520 1586 1641 1644 fuit
1692 1586 1841 1659 Noe,
1905 1585 1977 1644 de
2043 1604 2160 1661 quo
2226 1586 2391 1662 quod

356 1674 682 1734 exercuerit
746 1674 1008 1734 officium
1071 1673 1396 1734 sacerdotis
1452 1692 1523 1734 ac
1585 1676 1771 1733 fuerit
1822 1677 2018 1734 rector
2060 1676 2271 1751 populi
2316 1694 2392 1734 ex

356 1781 424 1822 eo
472 1765 741 1839 apparet,
789 1763 949 1839 quod
987 1763 1103 1824 sibi
1138 1763 1412 1823 dominus
1458 1763 1952 1841 gubernationem
1998 1764 2235 1839 archae,
2279 1783 2390 1840 per

356 1871 537 1929 quam
582 1852 830 1912 ecclesia
876 1852 1262 1931 significatur,
1309 1852 1625 1913 commisit.
1714 1852 1806 1912 Ac
1830 1854 1961 1912 Noe
2004 1855 2145 1928 post
2191 1871 2390 1932 egres-

356 1960 488 2002 sum
534 1942 748 2002 archae
796 1942 1098 2003 edificavit
1141 1943 1334 2002 altare
1379 1942 1620 2002 domino
1667 1944 1729 2001 et
1773 1942 1991 2002 tollens
2032 1941 2111 2002 >d'e
2157 1944 2391 2004 eunctis

276 2053 329 2093 ιο
355 2032 666 2108 pecoribus
730 2035 792 2091 et
862 2032 1200 2093 volucribus
1264 2032 1475 2091 mundi
1547 2032 1770 2091 obtulit
1840 2033 2148 2092 olocausta
2211 2051 2391 2109 super

356 2123 565 2181 altare.
659 2121 740 2180 Et
785 2120 1056 2182 dominus
1114 2121 1266 2180 dixit
1310 2121 1368 2180 ei
1413 2123 1474 2180 et
1516 2120 1656 2181 fih'is
1712 2123 1860 2181 suis:
1915 2124 2110 2181 terror
2154 2139 2225 2180 ac
2268 2125 2389 2181 tre-

355 2229 487 2270 mor
543 2214 739 2270 vester
792 2213 872 2270 sit
934 2230 1112 2286 super
1184 2212 1398 2269 cuncta
1431 2210 1758 2269 -animalia
1828 2213 2042 2269 terrae.
2132 2210 2214 2269 Et
2257 2210 2387 2271 Noe

355 2299 673 2376 populum.
709 2319 882 2360 suum
940 2300 1095 2359 rexit
1139 2317 1209 2359 ac
1253 2317 1291 2357 a
1336 2299 1477 2359 filiis
1525 2301 1651 2359 eius
1710 2302 1849 2375 post
1906 2300 2137 2359 obitum
2195 2300 2389 2376 patris

358 2389 583 2449 divisae
629 2391 769 2447 sunt
802 2390 1038 2450 insulae
1084 2390 1353 2466 gentium
1387 2391 1452 2447 in
1497 2389 1844 2466 regionibus
1885 2389 2026 2464 suiS‚
2070 2391 2389 2465 unusquis-

279 2499 329 2539 25
360 2498 475 2555 que
520 2478 843 2538 secundum
886 2479 1157 2555 linguam
1204 2495 1376 2537 suam
1419 2480 1575 2536 rexit
1618 2477 1881 2538 familias
1926 2479 1990 2536 in
2040 2478 2387 2538 nationibus

358 2569 499 2628 suis.
580 2566 653 2626 In
689 2568 803 2626 hac
837 2566 1217 2643 postmodum
1254 2569 1513 2640 rectoria
1548 2569 1958 2627 successerunt
1990 2567 2392 2642 patriarchae,

358 2656 599 2731 iudices,
644 2675 831 2734 regeS,
877 2657 1211 2716 sacerdotes
1249 2659 1311 2715 et
1351 2656 1477 2732 alii,
1523 2657 1628 2732 qui
1674 2676 1784 2732 pro
1830 2658 2098 2732 tempore
2144 2657 2393 2716 fuerunt

358 2748 422 2805 in
466 2746 753 2824 regimine
797 2746 1010 2822 populi
1054 2745 1389 2804 Iudeorurn.

490 2835 881 2896 Postmodum
926 2853 1086 2907 vero,
1133 2853 1267 2893 cum
1313 2834 1425 2894 sub
1475 2836 1729 2910 imperio
1773 2834 2042 2894 Romano
2087 2835 2394 2911 ydolatria

280 2945 332 2986 so
359 2928 638 3003 regnaret
679 2942 788 2984 nec
833 2924 979 2984 deus
1025 2941 1200 2982 verus
1254 2925 1551 2983 coleretur
1595 2942 1664 2983 ac
1708 2924 2112 2984 Romanorum
2166 2924 2393 2984 scelera

504 3136 532 3183 1
572 3129 769 3186 Genes.
810 3135 965 3197 3,1’1.
1007 3134 1091 3184 19.
1133 3132 1152 3199 ΙΙ
1198 3135 1229 3183 2
1267 3129 1340 3184 de
1376 3145 1488 3198 quo
1526 3130 1600 3184 K.
1649 3131 1667 3199 ΙΙ
1712 3135 1744 3183 3
1782 3130 1945 3184 verba
1979 3130 2139 3185 uncis
2172 3129 2391 3183 inclusa

359 3218 461 3257 om.
499 3203 653 3257 codd.
682 3204 700 3272 ΙΙ
742 3208 774 3256 5
810 3205 911 3256 tuo
959 3202 1118 3256 deest
1155 3202 1229 3256 K.
1269 3232 1339 3240 —
1377 3200 1572 3255 Genes.
1614 3206 1665 3269 3,
1688 3207 1770 3255 16.
1799 3202 1877 3270 116
1915 3199 2063 3270 Ptop
2064 3202 2222 3255 terea
2255 3200 2332 3282 K.
2344 3202 2392 3282 ΙΙ

362 3279 390 3326 7
432 3271 588 3328 Caim
626 3275 701 3329 K.
731 3276 810 3344 118
849 3271 1617 3343 Genes.4‚11.12.16.1112
1651 3244 1814 3326 ’Eden
1847 3272 1923 3326 K.
1952 3274 1971 3342 u
2002 3277 2066 3325 13
2097 3269 2392 3342 regiminis

357 3344 757 3413 temporalium
794 3346 869 3399 K.
908 3346 927 3414 ΙΙ
965 3351 1030 3398 17
1069 3360 1199 3399 arce
1236 3345 1313 3411 K,
1364 3345 1463 3399 ubi
1495 3345 1660 3398 verba
1702 3360 1893 3413 per—
1912 3343 2264 3413 significatur
2297 3343 2389 3398 de·

357 3424 502 3472 sunt.
533 3419 648 3487 1118
684 3416 759 3471 Et
793 3415 894 3471 ille
932 3417 1008 3471 K
1084 3414 1282 3470 Genes.
1322 3419 1374 3482 8,
1395 3420 1479 3468 20.
1509 3416 1529 3484 ΙΙ
1556 3420 1624 3468 20
1669 3414 2002 3469 holocausta
2038 3416 2112 3470 K.
2142 3417 2161 3484 ΙΙ
2188 3414 2389 3470 Gencs.

361 3494 410 3554 9,
433 3493 480 3541 2.
527 3490 546 3558 ΙΙ
593 3493 660 3542 24
696 3487 1084 3554 unusquisque
1139 3485 1359 3540 scilicet
1392 3485 1649 3556 linguam
1684 3488 1761 3542 K.
1808 3489 1827 3556 ΙΙ
1872 3491 1939 3539 25
1976 3485 2224 3539 familias
2258 3501 2391 3539 suas

361 3531 435 3615 K.
466 3561 484 3606 ΙΙ
516 3563 581 3596 33
619 3558 792 3600 ”flu-¹²
766 3575 856 3612 Ωιι.
893 3561 1029 3612 tunc
1064 3556 1345 3611 tirannice
1382 3557 1803 3611 dominancium
1840 3558 1916 3612 K.
