2650 3925
344 186 475 241 XIV
958 197 962 200 '
1149 185 1564 241 PRAEFATIO

344 338 572 397 erravit
635 337 795 395 enim
839 337 879 395 J
882 337 1135 413 osephus
1184 336 1459 415 Ougnoni
1511 337 1607 398 vir
1670 337 2062 412 clarissimuS,
2126 356 2261 397 cum
2313 340 2381 397 in

345 425 637 503 Ohigiano
701 447 887 485 unum
940 425 1183 486 Horatii
1245 445 1484 486 carmen
1546 427 1805 486 inveniri
1866 428 2018 485 mihi
2079 426 2383 503 scriberet,

345 514 506 591 quod
551 515 781 575 deesset
822 514 887 573 in
933 509 1366 594 Tergestino.¹)

480 603 707 674 Quibus
751 606 817 663 in
863 604 1163 664 codicibus
1212 623 1365 681 quae
1408 606 1692 683 leguntur
1737 604 2003 664 carmina
2038 604 2383 665 Horatiana

342 693 491 753 haec
536 696 701 752 sunt:

481 786 539 841 1.
586 781 1129 860 Epigrammata
1183 801 1458 858 novem,
1515 801 1770 859 quorum
1824 785 2085 858 primum
2130 785 2222 843 est
2264 802 2375 859 pro

342 872 672 948 prooemi03
733 890 937 931 eorum
992 890 1144 947 quae
1204 874 1537 946 sequuntur
1593 872 1738 931 bina
1781 872 1871 930 ita
1928 873 2086 931 inter
2130 890 2191 931 se
2239 890 2380 932 con-

340 963 546 1020 iuncta
590 963 748 1035 sunt,
775 963 845 1019 ut
889 961 1142 1037 singulis
1187 961 1479 1036 distichis,
1526 979 1678 1036 quae
1724 961 1843 1038 ipsi
1869 961 1977 1020 Pio
2024 963 2165 1020 sunt
2204 961 2378 1021 attri-

340 1050 505 1125 buta,
553 1051 860 1124 quaternis
904 1050 1002 1108 vel
1045 1049 1231 1109 ternis
1275 1049 1638 1125 respondeat
1681 1051 1874 1126 poeta.

478 1141 535 1197 2.
585 1135 880 1197 Oratius
961 1138 1317 1198 Romanus
1399 1138 1528 1197 Pio
1592 1138 1657 1197 H
1736 1141 1927 1215 pont.
2000 1158 2201 1214 max„
2274 1157 2381 1199 sex

341 1229 583 1287 tantum
648 1227 906 1287 disticha
979 1229 1302 1288 continens,
1397 1227 1635 1303 Scripta
1705 1227 1985 1287 videntur
2054 1231 2380 1304 postquam

340 1317 610 1393 pontifex
639 1336 676 1375 a
712 1319 1007 1376 conventu
1034 1317 1363 1376 Mantuano
1391 1316 1645 1375 Romam
1673 1316 1851 1375 rediit
1881 1309 2118 1398 (Octob.
2152 1309 2376 1398 1460).

478 1407 534 1464 3.
584 1402 883 1464 Oratius
928 1406 1284 1465 Romanus
1333 1406 1457 1465 Pio
1503 1405 1567 1464 Π
1619 1408 1809 1482 pont.
1865 1425 2036 1465 max.
2121 1405 2376 1465 Carmen

342 1493 584 1571 scripsit
636 1496 816 1571 poeta
879 1513 1015 1554 cum
1078 1494 1364 1554 Mantuae
1427 1499 1896 1555 commoraretur
1956 1496 2243 1571 pontifex,
2306 1498 2379 1554 ut

342 1584 643 1660 principes
688 1584 965 1659 Europae
1026 1584 1421 1659 civitatesque
1479 1584 1697 1643 Italiae
1744 1584 1822 1643 ad
1878 1583 2106 1643 bellum
2163 1583 2377 1644 Turcis

339 1672 717 1731 inferendum
777 1672 1127 1749 impelleret.
1221 1673 1485 1743 Quorum
1534 1674 1871 1750 principum
1927 1673 2376 1750 potentissimos

338 1761 723 1821 Franciscum
771 1760 1057 1820 Sfortiam
1102 1763 1163 1820 et
1206 1763 1628 1836 imperatorem
1672 1760 2042 1822 Fridericum
2085 1762 2182 1820 III
2235 1766 2378 1839 post

338 1850 680 1927 pontificem
725 1851 917 1910 fusius
964 1851 1295 1926 alloquitur
1346 1850 1738 1926 hortaturque
1795 1852 2051 1910 alterum
2096 1853 2166 1909 ut
2219 1850 2374 1911 desi-

340 1939 474 2001 diae
520 1939 741 2001 oblitus
786 1939 1009 2000 bellum
1053 1939 1371 2000 moliretur
1414 1940 1792 2015 Venetosque
1840 1942 1900 1999 et
1938 1939 2372 2018 Neapolitanos

339 2029 456 2089 sibi
519 2029 891 2107 adiungeret,
956 2030 1211 2088 alterum
1254 2031 1330 2088 ut
1372 2028 1530 2088 bello
1592 2030 1751 2105 quod
1797 2033 2006 2090 contra
2050 2029 2373 2090 Matthiam

340 2118 664 2179 Corvinum
708 2117 1010 2196 Ungariae
1075 2117 1321 2197 gerebat
1384 2120 1602 2178 omisso
1667 2120 1957 2178 exercitus
2020 2119 2084 2178 in
2144 2120 2374 2179 Turcos

340 2207 665 2268 diverteret
711 2207 1117 2284 Sfortiamque
1161 2209 1238 2267 iis
1284 2208 1496 2267 ducem
1539 2207 1901 2285 praeficeret.

473 2299 530 2355 4.
589 2295 835 2356 Oracii
897 2297 1200 2356 Romani
1264 2296 1349 2356 ad
1422 2296 1625 2355 Pium
1668 2296 1731 2355 H
1802 2299 1995 2373 pont.
2051 2315 2223 2355 max.
2297 2297 2374 2357 de

337 2388 565 2463 pietate
628 2385 785 2444 unde
849 2385 1085 2445 dicatur
1147 2388 1209 2445 et
1273 2385 1437 2461 quod
1499 2388 1683 2462 quina
1746 2387 1942 2462 pietas
2006 2387 2087 2445 sit
2148 2387 2214 2445 in
2258 2386 2373 2446 Pio

339 2475 839 2552 quemadmodum
885 2477 1149 2551 quinque
1184 2476 1364 2535 lunae
1399 2477 1465 2534 in
1503 2476 1684 2534 armis
1731 2475 2138 2552 designantur,
2174 2477 2376 2552 prima

339 2560 404 2624 in
450 2565 643 2639 deum,
693 2564 951 2624 secunda
997 2567 1107 2623 etc.
1153 2566 1227 2622 ut
1270 2564 1335 2623 in
1388 2558 1775 2644 pr[oposito].
1867 2564 1980 2625 Est
2033 2568 2234 2624 autem
2280 2583 2374 2624 se-

340 2654 536 2714 cunda
578 2655 774 2730 pietas
818 2654 884 2712 in
928 2657 1164 2730 patrem
1201 2654 1475 2728 Silvium,
1519 2655 1764 2713 tertiam
1810 2654 2073 2713 celebrat
2117 2655 2374 2713 clemen·

337 2745 490 2802 tiam
538 2761 657 2819 qua
700 2744 767 2801 in
811 2742 1002 2803 victos
1048 2742 1248 2802 hostes
1293 2745 1588 2818 uteretur,
1648 2745 1924 2819 quartam
1970 2743 2212 2802 nativae
2257 2744 2372 2802 tel·

337 2833 486 2891 luris
533 2851 816 2906 amorem,
882 2831 1104 2892 artium
1156 2833 1555 2909 ingenuarum
1610 2831 1876 2890 studium
1937 2832 2372 2906 poetarumque

336 2923 604 2981 favorem
648 2921 941 2980 ultimam.

471 3011 685 3070 Restat
736 3012 801 3068 in
854 3009 1093 3069 laudem
1155 3009 1528 3068 Francisci
1593 3006 1916 3067 Sfortiae
1979 3005 2181 3065 ducis
2225 3005 2367 3064 Me-

339 3099 789 3159 diolanensis
849 3117 1087 3158 carmen
1134 3117 1252 3173 quo
1300 3096 1379 3155 ad
1437 3096 1662 3155 bellum
1708 3096 2038 3156 Turcorum
2096 3114 2231 3154 eum
2275 3096 2372 3154 in·—

339 3191 559 3249 citaret
608 3188 787 3249 simul
831 3206 966 3247 cum
1020 3189 1202 3247 tertio
1257 3186 1586 3246 carminum
1634 3185 1713 3245 ad
1763 3184 1938 3243 Pium
1981 3183 2047 3244 H
2108 3185 2370 3245 destina·

336 3281 538 3339 torum
596 3278 1015 3354 conscriptum,
1073 3277 1241 3336 cuius
1286 3295 1318 3335 e
1378 3273 1651 3335 versibus
1703 3274 2031 3334 miserrime
2086 3276 2177 3334 est
2230 3293 2369 3334 con-

338 3370 537 3428 sutum
585 3369 645 3428 et
691 3366 1188 3443 conglutinatum.
1280 3365 1586 3441 Descripsi
1623 3385 1654 3424 e
1691 3364 1889 3423 codice
1930 3366 2099 3423 1437
2138 3363 2370 3424 Biblio-

483 3556 535 3625 1)
571 3554 730 3610 Neue
766 3555 1120 3613 Jahrbficher
1158 3560 1296 3611 1903
1334 3555 1377 3610 Ι.
1405 3553 1616 3610 Abteil.
1653 3553 1756 3608 Bd.
1784 3551 1863 3607 XI
1896 3571 1954 3622 p.
1986 3558 2088 3608 115
2125 3553 2195 3608 N.
2229 3560 2280 3609 1.
