2650 3925
349 183 437 246 58
734 221 737 226 -
1000 195 1004 200 ·
1055 181 1272 236 PETRI
1305 181 1416 235 DE,
1443 180 1656 236 GODIS

345 352 481 392 rare
528 332 705 391 deum
749 332 811 391 in
856 334 968 392 hoc
1013 335 1158 392 actu·
1200 331 1508 391 iudicium⁷
1536 350 1707 392 suum
1762 331 2121 392 mirabiliter
2174 352 2383 409 opera—

347 424 480 481 tum
524 423 706 482 fuisse
753 424 814 481 et
859 421 1052 482 dicere
1099 421 1220 481 alia
1264 421 1592 481 incidentia
1637 423 1949 497 oportuna.

482 511 763 570 Fabius,
836 511 999 571 Bene
1043 510 1222 585 adsis,v
1268 511 1478 570 doctor
1522 513 1584 570 et
1626 511 1801 585 pater
1843 511 1954 570 mil

481 600 990 660 Bernardinus.
1063 599 1231 674 Fabi,
1303 601 1494 660 salve!
1568 598 1732 669 Quae
1796 599 1975 659 turba
2040 602 2131 660 est
2191 599 2383 660 haec?

291 714 318 753 5
351 691 484 765 quis
531 692 638 762 est,
684 690 792 766 qui
836 690 1072 765 pendet,
1119 692 1188 748 et*
1226 687 1451 765 quare?

481 779 548 837 F.
623 777 958 854 Stephanus
994 778 1310 838 Porcarius
1349 777 1446 836 hic
1495 780 1603 852 est,
1650 779 1757 854 qui
1795 780 2213 857 magnanimus
2258 797 2383 838 non

348 871 659 927 contentus
690 869 914 926 civium
951 867 1293 928 condicione
1322 866 1400 926 ad
1438 867 1770 926 dominium
1797 868 2021 927 Romae
2059 867 2379 927 ambiebat.

480 956 548 1014 B.
622 957 946 1034 Relegatus
993 959 1125 1016 erat
1168 956 1499 1032 Bononiae3
1528 956 1785 1032 *quando
1831 955 2037 1016 venit?

480 1045 544 1105 F,
618 1046 679 1104 Is
742 1047 1108 1123 relegatione
1170 1048 1515 1122 contempta
1577 1047 1643 1104 in
1715 1048 1975 1121 quatuor
2034 1044 2243 1105 diebus
2308 1046 2380 1105 de

266 1160 317 1200 ιο
346 1134 618 1194 Bononia
671 1135 927 1195 Romam
977 1136 1161 1196 venit.
1253 1133 1468 1194 Tribus
1527 1133 1738 1195 diebus
1799 1136 1969 1194 stetit
2013 1134 2237 1195 Romae
2283 1153 2380 1194 oc-

347 1225 543 1283 cultus
590 1223 913 1283 factionem
959 1224 1170 1300 exequi
1212 1241 1464 1300 parans,
1511 1241 1632 1300 qua
1678 1241 1978 1283 summum
2037 1223 2380 1300 pontificem

345 1315 407 1372 et
470 1312 801 1372 cardinales
867 1331 1075 1390 capere
1123 1315 1186 1371 et
1248 1313 1512 1373 occidere
1559 1331 1630 1373 ac
1685 1312 1841 1373 bona
1908 1314 2110 1373 omnia
2174 1332 2379 1372 eorum

342 1421 553 1478 rapere
614 1421 683 1461 ac
747 1404 932 1461 etiam
996 1402 1249 1461 curiales
1314 1420 1518 1461 omnes
1575 1405 1635 1461 et
1697 1405 2055 1461 mercatores
2114 1403 2378 1462 forenses

343 1490 658 1567 depredari
703 1493 764 1550 et
809 1510 871 1552 se
916 1491 1228 1564 tribunum
1272 1492 1464 1567 plebis
1510 1492 1705 1550 facere
1750 1491 2119 1550 intendebat.

265 1604 315 1644 15
478 1580 547 1639 B.
622 1578 776 1650 Quid
834 1581 1043 1640 audio!
1110 1581 1320 1640 feritas
1367 1580 1639 1658 grandis!
1712 1580 1995 1656 procede!
2069 1578 2378 1650 Quomodo

342 1670 526 1728 factio
574 1669 650 1728 ad
695 1671 890 1729 lucem
934 1667 1143 1730 venit?

476 1759 541 1817 F.
615 1758 825 1835 Aliqui
850 1758 950 1837 'ad
993 1759 1316 1838 factionem
1364 1759 1654 1835 appellati
1706 1759 2053 1818 revelarunt
2104 1777 2379 1819 reveren·

345 1848 603 1907 dissimis
678 1840 938 1918 dominis
994 1846 1313 1924 Dominico·
1371 1847 1443 1906 de
1497 1846 1829 1923 Grapanica
1891 1848 2063 1908 tituli
2135 1850 2378 1910 sanctae

346 1937 550 1997 Crucis
586 1936 918 2015 presbitero
959 1936 1290 2017 Cardinali,'
1327 1936 1447 1997 civi
1483 1936 1668 1997 etiam
1704 1935 1991 2011 Romano,
2029 1939 2089 1997 et
2123 1937 2377 1999 Nicolao

262 2051 315 2091 ρο
344 2027 415 2088 de
453 2026 806 2106 Amigdanis
852 2026 1131 2104 episcopo
1159 2026 1509 2096 Placentino
1557 2045 1626 2086 ac
1661 2046 1856 2103 papae
1901 2027 2376 2088 vicecamerario.

341 2116 426 2174 Hi
472 2110 701 2175 summo
747 2110 1021 2193 pontifici
1070 2114 1211 2176 'rem
1276 2135 1458 2192 quam
1521 2117 1698 2176 citius
1761 2117 2113 2177 retulerunt.
2204 2118 2378 2178 Vice-

342 2205 699 2265 camerarius
743 2208 956 2282 postea
1002 2205 1209 2265 statim
1255 2205 1455 2265 missis
1500 2205 1668 2281 prius
1716 2205 2019 2282 aliquibus
2074 2206 2377 2282 peditibus

341 2294 577 2355 circiter
622 2294 1060 2373 quinquaginta
1105 2296 1488 2371 magnanime
1525 2313 1595 2353 ac
1641 2313 1748 2370 per
1790 2315 1926 2353 eum
1961 2297 2161 2356 vocati
2206 2315 2377 2356 sena-

341 2385 455 2458 tor,
501 2387 963 2459 conservatores,
1010 2385 1211 2460 capita
1251 2384 1565 2461 regionum
1601 2383 1765 2443 urbis
1803 2402 1873 2442 ac
1918 2386 2377 2444 merreschalchi

260 2496 313 2536 26
342 2472 585 2532 domum
651 2471 941 2549 Stephani
1004 2471 1296 2546 Porcarii‚
1361 2474 1425 2529 in
1491 2491 1610 2548 qua
1655 2471 1935 2548 Baptista
1982 2472 2162 2532 Sarra
2225 2473 2375 2534 civis

341 2561 644 2621 Romanus
690 2561 948 2639 armiger
992 2561 1274 2620 bannitus
1321 2580 1458 2621 cum
1504 2561 1681 2621 certis
1728 2561 1904 2621 sociis
1949 2580 2058 2638 pro
2113 2563 2375 2623 factione

339 2650 555 2726 stabat,
604 2668 915 2710 accessere.
1009 2650 1124 2709 Sed
1180 2650 1433 2710 audiens
1486 2651 1635 2710 haec
1679 2649 1961 2727 Baptista
2016 2652 2201 2711 exivit
2247 2654 2374 2710 ani-

338 2758 500 2800 mose
544 2759 653 2816 per
703 2743 942 2816 portam
995 2738 1184 2814 ipsius
1242 2739 1453 2799 domus
1502 2741 1562 2798 et
1614 2758 1724 2816 per
1784 2739 2013 2814 pedites
2077 2741 2373 2800 transiens

340 2846 475 2887 cum
540 2830 802 2905 quinque
866 2827 1041 2889 sociis
1096 2828 1557 2888 vicecamerario
1621 2846 1888 2890 seorsum
1935 2831 1995 2888 et
2039 2830 2108 2889 in
2167 2828 2373 2905 platea

258 2941 313 2981 so
342 2917 644 2978 Minervae
689 2917 831 2978 tunc
874 2917 1166 2977 existente
1214 2920 1274 2977 et
1318 2937 1440 2977 non
1484 2917 1724 2978 vidente
1779 2916 1933 2976 liber
1989 2918 2205 2991 evasit,
2262 2920 2373 2978 ali-

680 3049 766 3056 ..-

483 3131 514 3177 2
552 3124 727 3179 fuisse
764 3126 823 3178 et
859 3123 930 3178 de
974 3122 1123 3178 bono
1174 3123 1450 3194 regimine
1486 3121 1712 3178 Nicolai
1746 3140 1895 3193 pape
1946 3123 2134 3191 quinti
2184 3123 2373 3178 dicere

340 3211 409 3250 ac
443 3196 505 3250 in
542 3194 929 3265 spiritualibus
975 3196 1034 3248 et
1081 3193 1490 3264 temporalibus
1545 3193 1797 3250 dominio
1851 3211 2000 3264 pape
2037 3196 2113 3250 K.
2160 3197 2179 3264 ΙΙ
2224 3201 2257 3248 6
2296 3197 2374 3249 ad

338 3283 516 3322 vocem
569 3268 990 3338 maynanimus:
1054 3268 1184 3321 Ber.
1239 3267 1430 3337 arquit
1480 3267 1580 3320 hoc
1631 3268 1852 3321 verbum
1905 3268 2145 3333 inferius
2201 3267 2256 3320 V
2308 3269 2370 3321 in

337 3341 617 3464 actually
657 3337 984 3462 condicionfi
1022 3337 1249 3462 eifitmllf
1248 3338 1322 3391 K.
1351 3339 1371 3407 ΙΙ
1401 3342 1467 3461 100
1483 3336 1681 3462 {gome
1694 3337 1991 3463 ¹²s1··etitKK.
2020 3339 2039 3406 ΙΙ
2068 3343 2135 3391 14
2174 3338 2371 3420 depre-

339 3426 477 3535 effi
511 3411 649 3550 11:4¹1*
684 3415 769 3534 2¹⁶⁷
791 3424 1131 3534 ἔὲἜοξὲἒ
1169 3450 1259 3534 Κ]
1286 3410 1323 3549 'd'
1358 3414 1425 3534 ξε,
1465 3425 1757 3535 ᾱῑεέἓιίῗυᾈ
1774 3412 1893 3535 ⁹0⁶0„
1929 3415 2371 3551 50:„„²1‡u3²3}{⁸1.

341 3556 408 3605 29
446 3555 569 3606 tum
607 3567 854 3606 seorsum
894 3552 969 3606 K.
