2650 3925
318 192 407 257 60
1019 194 1240 250 PETRI
1275 194 1374 248 DE
1412 194 1627 251 GODIS

321 364 476 420 eum,
543 345 917 422 quingentos,
975 347 1078 422 qui
1131 345 1347 423 recipit
1409 365 1545 405 eum
1590 349 1653 405 et
1696 364 1816 406 non
1879 346 2127 421 revelat,
2188 347 2366 406 furca

318 433 731 510 suspendatur.
824 434 1052 495 Deinde
1098 438 1229 494 tum
1282 438 1533 511 propter
1585 455 1753 494 arma
1813 439 2053 511 reperta
2114 433 2365 495 habitus

326 525 635 599 suspectus
688 523 987 601 AngeluS‚
1042 544 1112 584 eo
1161 525 1322 600 quod
1368 542 1538 583 arma
1580 525 1691 584 illa
1742 525 1931 584 inscio
1985 525 2117 600 ipso
2165 527 2226 583 et
2268 527 2365 583 in-

327 614 456 672 vito
501 613 567 670 in
612 611 788 672 domo
836 632 948 672 sua
993 612 1181 673 locari
1225 633 1347 673 non
1392 615 1741 689 potuerant,
1793 615 1926 672 tum
1969 634 2079 690 per
2132 614 2364 673 dictum

267 725 292 765 5
321 701 437 760 filii
483 703 696 777 captus
742 702 863 761 fuit
908 703 1114 762 eadem
1161 703 1274 777 die,
1321 701 1427 778 qui
1471 703 1536 761 in
1581 702 1757 762 domo
1805 703 1982 762 amici
2018 703 2112 762 sui
2157 703 2365 762 latita-

319 790 443 850 bat.
521 789 1034 850 Vicecamerarius
1079 794 1290 868 postea
1324 794 1391 849 in
1430 790 1730 866 Capitolio
1766 792 1838 852 de
1863 792 2040 852 malis
2076 791 2367 866 moi-ihm,

319 879 637 954 seditione,
709 880 972 940 factione
1035 885 1097 940 et
1166 880 1604 958 ingratitudine
1671 880 1961 957 Stephani
2030 899 2365 940 sermonem

317 969 478 1045 fecit,
523 968 565 1027 J
565 969 836 1030 ohannes
878 969 1264 1030 Baroncellus
1310 970 1458 1030 civis
1495 970 1801 1029 Romanus
1850 970 2176 1030 advocatus
2223 988 2363 1028 con-

319 1058 641 1118 cistorialis
678 1078 792 1133 pro
841 1060 1066 1136 populo
1102 1059 1374 1118 Romano
1418 1077 1768 1133 responsum
1805 1059 1972 1118 dedit
2005 1062 2069 1118 et
2111 1077 2368 1118 narrans

239 1170 291 1210 10
317 1166 528 1223 pacem
574 1148 929 1208 continuam
982 1151 1249 1224 tempore
1294 1148 1538 1206 Nicolai
1579 1165 1773 1223 papae
1819 1149 1877 1205 V
1923 1151 1985 1206 et
2038 1150 2132 1206 tot
2185 1147 2366 1206 bene-

319 1237 481 1313 ficia,
520 1257 673 1313 quae
709 1237 844 1297 urbi
889 1238 1240 1311 contulerat,
1284 1238 1590 1296 iusticiam
1627 1255 1811 1312 super
1842 1237 2104 1296 factione
2139 1236 2364 1295 facien-

326 1326 465 1384 dam
503 1327 631 1386 fore
669 1327 977 1387 conclusit.
1068 1327 1420 1386 Franciscus
1449 1324 1762 1386 Gabadeus
1789 1324 2095 1385 Romanus
2132 1344 2368 1401 pauper

320 1415 576 1475 servitor
636 1416 931 1475 nobilium
985 1418 1047 1474 et
1092 1415 1385 1492 Stephani
1448 1416 1674 1474 amicus
1732 1415 1843 1474 hoc
1899 1415 1996 1473 die
2061 1414 2366 1474 obtulerat

322 1524 412 1579 se,
459 1505 511 1563 si
568 1504 715 1580 quid
777 1507 1009 1581 posset,
1063 1505 1253 1564 sorori
1318 1503 1610 1580 Stephani
1663 1506 1839 1563 uxori
1898 1503 1940 1562 J
1941 1503 2112 1564 acobi
2177 1503 2365 1563 Lelli·

243 1616 293 1656 15
323 1593 500 1653 cechi.
611 1593 799 1654 Facta
861 1596 986 1653 iam
1049 1596 1222 1653 nocte
1287 1611 1425 1653 cum
1485 1594 1552 1651 in
1615 1592 1855 1652 domum
1929 1594 2056 1652 eius
2139 1597 2367 1653 secrete

323 1701 385 1742 se
448 1683 782 1744 reduxisset
829 1682 1187 1759 Stephanus„
1251 1701 1421 1743 soror
1461 1684 1595 1758 ipsa
1648 1681 1725 1742 ad
1771 1701 1833 1742 se
1898 1682 2174 1742 accersiri
2217 1683 2367 1741 fecit

324 1772 710 1830 Franciscum
771 1772 988 1848 ipsum.
1079 1771 1352 1831 Accessit
1415 1772 1492 1829 ad
1556 1790 1705 1846 eam,
1767 1771 1971 1846 ibique
2024 1771 2367 1846 Stephanus

323 1860 502 1920 dixit:
567 1863 811 1936 „amice,
858 1862 996 1921 veni
1051 1879 1309 1936 mecum3
1374 1879 1541 1939 rogO‚
1588 1879 1790 1919 eamus
1846 1861 2091 1920 domum
2136 1859 2368 1918 domini

323 1948 528 2009 Latini
588 1951 911 2011 cardinalis
955 1950 1187 2027 Ursini3
1249 1949 1365 2009 ibis
1421 1949 1499 2009 ad
1563 1970 1696 2008 eum
1760 1951 1973 2026 primo,
2040 1948 2366 2026 expectabo

246 2063 299 2104 so
326 2040 577 2099 inferius
624 2043 686 2100 et
732 2040 1003 2100 exorabis
1049 2059 1201 2117 eum,
1248 2039 1410 2116 quod
1446 2040 1595 2098 velit
1638 2041 1944 2115 receptare
1971 2058 2067 2098 me
2093 2039 2158 2097 in
2186 2039 2368 2099 domo

327 2128 489 2188 sua.“
583 2129 682 2189 Sic
746 2133 1147 2205 pervenerunt
1200 2127 1443 2187 domum
1497 2128 1818 2188 cardinalis
1863 2128 2087 2187 Ursini.
2177 2128 2367 2187 Fran-

326 2220 515 2278 ciscus
562 2219 829 2278 ascendit
874 2219 950 2278 ad
1008 2218 1396 2292 cardinalem,
1455 2217 1777 2276 cardinalis
1832 2217 2041 2276 audito
2098 2236 2166 2276 eo
2214 2218 2368 2276 deti·

325 2308 460 2366 nuit
495 2326 651 2383 eum,
698 2307 1038 2384 Stephanus
1085 2307 1337 2366 audiens
1374 2307 1538 2383 fugit
1573 2308 1634 2365 et
1668 2307 1785 2366 ivit
1829 2306 2068 2366 domum
2116 2308 2366 2365 alterius

327 2397 546 2457 sororis
593 2415 735 2456 suae
779 2399 846 2455 in
890 2399 1134 2475 regione
1178 2395 1497 2455 Arenulae.
1592 2394 1928 2455 cardinalis
1972 2397 2142 2455 misit
2177 2396 2368 2454 Fum-

245 2510 297 2550 25
327 2487 546 2545 ciscum
596 2487 673 2545 ad
717 2487 1257 2560 vicecamerarium,
1303 2484 1797 2566 vicecamerarius
1843 2503 1984 2544 vero
2025 2486 2090 2543 in
2136 2487 2368 2543 turrem

327 2575 563 2635 soldani
622 2593 831 2652 papae.
923 2575 983 2635 Is
1048 2574 1269 2633 ibidem
1340 2574 1684 2648 requisitus,
1756 2574 1862 2633 ubi
1924 2592 2051 2633 esse
2123 2576 2370 2656 poterat

329 2664 687 2741 StephanuS,
733 2663 910 2723 dixit:
967 2663 1143 2722 debet
1186 2681 1314 2722 esse
1359 2664 1425 2720 in
1471 2662 1647 2722 domo
1704 2664 1921 2722 sororis
1976 2681 2119 2721 suae
2165 2663 2230 2721 in
2273 2682 2366 2722 re·

328 2753 504 2830 gione
550 2753 867 2813 Arenulae.
961 2752 1111 2811 dixit
1156 2753 1316 2810 enim
1361 2751 1536 2810 mihi:
1596 2755 1656 2810 et
1702 2752 1754 2811 si
1797 2752 2119 2811 cardinalis
2176 2752 2369 2811 nollet

475 3003 503 3050 1
542 2995 779 3050 revellat
826 2997 885 3051 V.
933 2996 952 3064 ΙΙ
998 3001 1029 3047 2
1068 2995 1146 3048 ad
1188 3011 1298 3049 voc.
1356 2994 1605 3062 reperta:
1662 3011 1744 3047 ar.
1780 3010 1896 3048 mm
1930 2995 1994 3048 in
2022 2996 2057 3050 l.
2086 2995 2165 3048 II
2190 2996 2251 3061 ff.
2301 2996 2369 3049 de

328 3070 498 3136 furtis
534 3085 631 3137 per
657 3069 797 3121 Bar.
840 3068 892 3121 V
911 3068 974 3121 in
1002 3083 1173 3136 mar-9.
1210 3096 1282 3106 —
1319 3065 1539 3119 Deinde
1567 3094 1636 3105 —
1664 3064 1922 3119 latitabat
1950 3066 2082 3119 ante
2118 3066 2366 3134 priorem

330 3139 625 3209 periodum
662 3140 895 3193 Interim
923 3169 990 3178 —
1018 3137 1389 3205 suspendatur
1424 3135 1636 3206 legitur
1669 3136 1730 3189 in
1768 3136 1842 3189 K.
1872 3139 1892 3206 11
1930 3143 1963 3189 3
2001 3153 2067 3191 eo
2105 3137 2250 3191 deest
2286 3138 2363 3191 K.

331 3211 510 3265 inscio
547 3209 647 3264 illo
686 3212 762 3265 K.
808 3212 827 3279 ΙΙ
881 3214 915 3261 4
951 3211 1184 3277 propter
1221 3207 1438 3260 dictum
1476 3208 1551 3262 K.
1597 3210 1617 3276 ΙΙ
1670 3212 1703 3261 8
1742 3207 1811 3261 (16
1849 3207 2195 3263 Baroncellis
2233 3208 2310 3262 K.
2347 3210 2367 3278 ΙΙ

334 3289 402 3337 10
438 3284 690 3352 tempore
727 3281 892 3335 istius
938 3279 1220 3349 pontificis
1260 3280 1335 3333 K.
1383 3280 1402 3347 ΙΙ
1456 3284 1523 3332 12
1564 3278 1853 3332 Sabadeus
1892 3281 1967 3333 K.
2023 3282 2042 3349 ΙΙ
2099 3286 2164 3333 15
2201 3278 2368 3334 belli-

333 3354 532 3409 chechi
570 3354 645 3407 K.
691 3355 710 3422 ΙΙ
757 3357 824 3406 16
860 3351 1177 3405 reduxisset
1222 3367 1280 3404 se
1320 3351 1395 3404 K.
1441 3351 1460 3420 11
1508 3355 1572 3403 17
1612 3349 1785 3403 istum
1823 3351 1897 3404 K.
1974 3350 2197 3420 sibique
2235 3352 2307 3405 K.
2360 3351 2368 3423 Ι

334 3431 404 3479 20
439 3440 530 3479 me
567 3426 865 3493 acceptare
919 3424 995 3478 K.
1059 3424 1078 3492 n
1142 3428 1208 3476 23
1248 3421 1322 3475 ad
1361 3420 1590 3475 domum
1645 3421 1720 3475 K.
1785 3424 1804 3490 ΙΙ
1868 3427 1936 3474 25
1977 3421 2180 3477 turrim
2235 3423 2309 3478 K.

335 3503 403 3551 26
439 3497 664 3565 poterat
701 3495 895 3563 Steph.
935 3510 1056 3548 esse
1112 3494 1188 3548 K.
1233 3494 1252 3561 ΙΙ
1298 3497 1495 3562 28—p.
1527 3498 1612 3558 61,
1634 3498 1665 3545 2
1706 3491 1851 3546 dixit
1888 3525 1956 3532 —
1991 3493 2237 3549 Arenule
2274 3496 2368 3549 de-

332 3574 465 3622 sunt
499 3568 563 3620 in
600 3566 676 3619 K.
