2650 3925
373 220 463 286 30
1352 221 1406 275 Π

375 369 615 431 Glorior
659 374 839 447 atque
884 370 1067 431 Asiae
1113 372 1291 432 fratri
1335 373 1638 448 peperisse
1682 372 2035 449 triumphos,

372 459 545 520 Unde
590 464 683 520 tot
725 461 1016 520 invidiae:
1061 461 1327 520 studium
1373 462 1499 521 sine
1544 460 1723 520 laude
1767 462 2035 521 virorum
2080 464 2174 521 est

265 572 347 613 ⁸³0
373 548 649 610 Polluere
693 550 957 610 illustres
1004 552 1065 610 et
1108 569 1309 609 rerum
1355 569 1597 625 carpere
1642 550 1883 609 famam.

375 638 532 708 Quin
578 639 761 699 etiam
808 641 1076 699 cinerum
1119 658 1194 699 ne
1240 638 1388 715 quid
1432 638 1547 699 sibi
1592 639 1785 698 Roma
1830 657 2098 699 meorum

371 727 636 788 Iactaret
678 746 1002 805 manesque
1047 747 1208 789 meos
1252 728 1516 788 tenuisse
1561 729 1844 805 sepultoS,

377 816 603 894 Sponte
647 818 769 876 tuli
816 817 1078 877 exilium.
1168 817 1401 876 Meritis
1446 816 1595 877 haec
1641 818 1859 894 gratia,
1904 820 2230 894 postquam

374 906 637 966 Restitui
683 906 860 966 decus
907 924 1081 966 omne
1124 907 1274 966 meis
1321 924 1393 966 ac
1438 924 1627 982 paene
1672 910 1944 966 ruentem

267 1015 348 1056 ³³5
376 996 623 1055 Italiam
667 996 857 1056 tantis
901 998 1139 1055 tutatus
1185 995 1261 1055 ab
1306 995 1580 1055 hostibus
1626 995 1825 1055 armis.

374 1083 680 1145 Laudibus
725 1085 818 1144 his
864 1087 1053 1145 cesset
1099 1102 1484 1162 quaecunque
1530 1086 1622 1144 est
1666 1084 1860 1162 gloria
1905 1086 2102 1163 gentis

374 1173 670 1233 Externae
719 1171 1085 1249 Graiumque
1132 1174 1327 1248 simul,
1374 1174 1518 1233 licet
1563 1174 1798 1232 aemula
1842 1173 2036 1234 virtus

374 1262 653 1324 Herculis
696 1262 968 1341 ingentes
1015 1263 1159 1322 olim
1206 1261 1585 1323 simulaverit
1630 1265 1815 1322 actus.

375 1352 540 1411 Mille
584 1352 729 1412 licet
774 1350 1006 1412 dederit
1048 1351 1201 1411 Iuno
1246 1350 1575 1428 implacata
1619 1350 1853 1411 labores

268 1462 349 1502 :340
375 1441 579 1517 Atque
625 1441 886 1501 humeris
933 1440 1165 1502 caelum
1209 1442 1420 1500 tulerit
1465 1440 1840 1518 spoliumque
1886 1440 2074 1500 leonis

376 1530 785 1608 Lerneamque
834 1529 990 1590 datis
1036 1528 1267 1590 facibus
1312 1529 1714 1590 tremefecerit
1756 1529 1953 1588 idram

375 1619 685 1696 Deumque
731 1618 1104 1694 Pholumque
1149 1617 1750 1693 Erimantiadumque
1795 1619 2055 1678 furorem

378 1708 931 1784 Stimphalidasque
978 1726 1141 1782 arcu,
1185 1708 1283 1767 vel
1330 1709 1384 1766 si
1428 1708 1808 1768 cumulentur
1851 1709 1918 1766 in
1961 1727 2149 1766 unum

375 1797 518 1856 Idra
564 1800 625 1856 et
672 1796 856 1857 Scilla
904 1798 966 1856 et
1010 1815 1157 1872 aper
1200 1797 1459 1872 triplicis
1507 1793 1779 1856 Gerionis
1826 1799 1889 1855 et
1931 1796 2200 1872 umbrae,

269 1905 349 1947 345
376 1886 614 1946 Antheo
660 1888 816 1946 vires
861 1887 1043 1946 tellus
1088 1885 1371 1945 infundat
1416 1888 1477 1945 et
1522 1889 1654 1945 ater

378 1976 664 2036 Cerberus
707 1975 1018 2036 horrendis
1063 1976 1244 2035 feriat
1287 1975 1612 2036 latratibus
1660 1994 1862 2035 auras:

379 2065 599 2126 Omnia
643 2066 745 2124 vix
789 2067 1024 2125 nostros
1069 2067 1356 2141 poterunt
1400 2083 1655 2141 aequare
1700 2064 1951 2125 labores,

377 2155 558 2213 Haud
606 2155 846 2213 dextrae
892 2155 1057 2215 colus
1105 2158 1250 2231 apta
1296 2173 1466 2213 meae
1510 2172 1619 2214 nec
1663 2153 1840 2213 Lidia
1886 2152 2146 2213 coniunx

378 2243 705 2305 Horrentes
750 2244 1028 2304 humeros
1073 2243 1244 2302 molli
1288 2242 1499 2303 derisit
1545 2245 1789 2318 amictu,

270 2353 352 2394 850
379 2333 516 2393 Non
561 2351 672 2411 ego
717 2332 1152 2392 Amazonidum
1196 2333 1357 2391 traxi
1400 2332 1562 2392 ferus
1608 2350 1776 2391 arma
1819 2332 2074 2407 puellae.

377 2424 488 2481 Vis
533 2422 682 2480 mihi
726 2422 921 2481 maior
964 2426 1122 2496 erat3
1165 2441 1307 2481 nam
1352 2440 1447 2480 me
1492 2420 1763 2480 sublimis
1810 2420 2027 2498 agebat

381 2510 606 2585 Gloria,
650 2528 787 2570 cum
829 2510 1053 2570 totiens
1097 2510 1385 2570 Romanis
1433 2509 1669 2570 arcibus
1713 2510 1912 2570 hostes

379 2600 593 2660 Averti
639 2603 819 2676 atque
867 2600 1059 2660 omnis
1104 2618 1211 2676 per
1253 2619 1352 2659 me
1397 2600 1542 2659 tulit
1587 2599 1748 2660 orbis
1793 2599 2077 2659 habenas.

380 2688 661 2749 Nondum
706 2688 999 2749 bellorum
1046 2688 1280 2762 studiis,
1326 2688 1432 2749 sed
1477 2687 1707 2748 viribus
1751 2688 1947 2764 impar

272 2797 350 2839 355
382 2778 649 2854 Quisque
694 2778 814 2836 fuit
858 2776 1083 2837 ductor.
1174 2777 1360 2836 Vitiis
1407 2795 1444 2836 a
1488 2779 1675 2854 stirpe
1720 2776 1924 2837 recisis

377 2868 616 2927 Aetatis
660 2866 867 2927 florem
912 2866 1060 2927 duro
1108 2868 1445 2943 exposuisse
1490 2865 1685 2926 labori

383 2955 539 3015 Cura
585 2955 718 3015 fuit.
808 2955 997 3016 Nobis
1041 2954 1206 3015 victa
1252 2954 1572 3033 Cartagine
1618 2957 1790 3032 virgo

380 3045 639 3106 Illustris
686 3044 904 3105 delata.
998 3042 1216 3105 Oculos
1260 3044 1403 3104 licet
1448 3045 1555 3104 illa
1597 3044 1856 3104 nitentes

383 3133 648 3195 Gesserit
691 3137 798 3193 aut
844 3135 1050 3211 quales
1095 3134 1348 3193 nimium
1392 3133 1642 3193 laudata
1686 3133 1955 3211 Pelasgis

273 3243 355 3285 seo
383 3223 680 3300 Tyndaris
726 3222 963 3283 ardenti
1008 3222 1178 3282 donis
1224 3223 1528 3283 cumulata
1572 3224 1791 3284 marito

380 3313 554 3374 Iussa
598 3311 749 3388 dari,
791 3312 937 3372 belli
983 3330 1348 3389 quamquam
1393 3311 1545 3370 mihi
1582 3313 1713 3370 iure
1758 3311 1983 3386 liceret,

379 3403 517 3463 Non
562 3405 763 3461 tamen
807 3420 997 3478 usque
1042 3420 1241 3462 meum
1285 3401 1493 3480 tetigit
1538 3401 1780 3477 captiva
1824 3399 2033 3460 cubile.

382 3491 724 3567 Exuperare
769 3491 1038 3550 animum
1081 3490 1472 3566 flammasque
1516 3488 1785 3551 libidinis
1832 3507 1996 3549 acres

380 3581 606 3641 Laudis
653 3583 798 3640 erat.
888 3580 1114 3640 Divum
1160 3581 1363 3640 cantet
1405 3578 1550 3639 licet
1594 3580 1755 3638 altus
1800 3578 2097 3638 Achillem

360 3880 555 3891 —.-—-—
