2650 3925
327 205 412 271 38
1009 252 1014 257 .
1289 208 1370 262 IV

248 376 296 417 ιε
325 358 443 419 Pro
489 360 690 435 patria
735 360 1028 435 spondent
1073 360 1480 438 pugnantibus
1530 361 1772 420 aethera
1819 360 1963 432 divi,

418 447 627 507 Cetera
671 453 812 509 sunt
855 450 1085 509 meritis
1130 449 1418 509 inferiora
1464 451 1604 510 suis,

327 538 577 608 Quando
622 538 798 597 laude
844 538 1037 616 magis
1083 539 1296 616 dignos
1344 556 1582 615 sperare
1626 538 1961 614 triumphos
2054 575 2058 580 -

414 626 540 685 Aut
586 627 810 703 poterit
853 629 1046 688 virtus
1091 630 1488 703 promeruisse
1533 626 1767 706 magis?

324 715 496 776 Anne
544 717 731 775 alium
774 718 1000 793 pateris
1047 736 1229 794 quam
1272 720 1334 776 te
1383 717 1523 777 dare
1568 718 1706 775 iura
1750 715 2002 792 Latinis,

246 824 299 864 20
459 805 727 867 Alterius
774 806 999 866 domito
1046 809 1254 884 surgat
1299 810 1369 865 ut
1414 806 1555 865 orbe
1601 803 1822 881 eaput?-

328 893 392 952 Si
437 898 498 954 te
543 893 712 953 nulla
756 898 958 955 movet
1002 898 1311 954 tantorum
1354 896 1518 954 fama
1561 895 1853 968 laborum,

414 982 499 1042 At
543 984 777 1060 patriae
823 986 1016 1060 pietas
1062 988 1122 1044 te
1168 986 1507 1045 meminisse
1552 985 1736 1045 iubet.

324 1072 653 1148 Imperium
696 1077 868 1132 tanto
915 1077 1254 1151 quaesitum
1300 1076 1589 1151 sanguine
1637 1076 1697 1132 et
1744 1075 1927 1132 armis

414 1162 551 1222 Fiet
599 1162 673 1221 ab
720 1165 976 1222 externis
1025 1159 1246 1240 praeda
1290 1158 1537 1223 ferenda
1581 1162 1760 1239 lupis.

247 1270 298 1310 25
326 1250 453 1309 Rex
496 1255 666 1311 tonet
709 1254 837 1328 ipse
882 1252 1025 1311 lieet
1071 1254 1446 1329 strepituque
1492 1253 1799 1312 exterritet
1846 1245 2065 1327 orbem,

414 1340 728 1417 Diripiunt
772 1344 974 1401 tantas
1020 1345 1233 1401 ventus
1281 1345 1341 1400 et
1389 1360 1534 1400 aura
1579 1343 1790 1400 minas.

326 1428 678 1508 Aragonum
727 1429 872 1505 quid
918 1434 1112 1490 scorta
1156 1432 1334 1491 times
1381 1429 1795 1507 Venetumque
1843 1431 2096 1506 calones,

417 1518 489 1577 In
537 1519 751 1595 quibus
801 1522 906 1578 aut
950 1520 1151 1578 nullus
1197 1520 1295 1579 vel
1340 1522 1468 1579 sine
1512 1519 1706 1579 Marte
1754 1516 1956 1579 calor?

328 1607 411 1666 Te
456 1611 710 1683 tantum,
756 1609 917 1668 haud
964 1609 1113 1669 alios
1161 1608 1489 1685 deposcunt
1535 1609 1729 1669 sidera
1774 1628 1993 1687 regem,

247 1717 300 1758 so
416 1696 547 1756 Hoc
593 1695 784 1757 Italae
829 1702 1034 1777 gentes
1083 1702 1142 1758 et
1187 1700 1291 1775 pia
1338 1717 1480 1757 eura
1527 1698 1721 1772 deum,

328 1786 519 1845 Roma
565 1786 765 1861 etiam,
812 1789 1084 1863 quamvis
1130 1806 1398 1847 maerens
1443 1787 1848 1847 reminiscitur
1894 1806 2124 1861 aevum,

419 1874 546 1945 Quo
592 1877 846 1934 nimium
892 1879 1122 1952 superis
1168 1878 1300 1936 visa
1347 1875 1603 1952 superba
1649 1876 1782 1960 fuit

330 1965 497 2024 Tolle
543 1985 766 2025 moras:
814 1967 974 2026 ausis
1019 1965 1364 2045 ingentibus
1413 1967 1597 2025 ardua
1642 1967 1835 2027 virtus

417 2053 693 2114 Praestat
737 2073 928 2131 opem,
973 2056 1159 2116 fortes
1205 2074 1451 2132 sorsque
1498 2056 1760 2131 deusque
1805 2056 1992 2115 iuvat.

248 2163 300 2204 35
328 2143 487 2203 Ante
535 2145 689 2203 acies
739 2146 872 2220 quis
918 2148 980 2205 te
1024 2146 1251 2220 tulerit,
1298 2165 1434 2206 oum
1478 2144 1734 2204 Martius
1782 2144 1959 2203 ardor

417 2233 673 2310 Ruperit
719 2237 858 2294 ante
901 2234 1096 2309 tubas,
1145 2252 1279 2293 cum
1324 2235 1453 2293 fera
1497 2234 1657 2292 bella
1703 2231 1913 2293 dabis?

327 2323 526 2382 Vosne
570 2322 789 2397 hostes,
834 2323 981 2383 belli
1026 2324 1243 2400 fulgor,
1289 2341 1395 2382 vos
1442 2319 1655 2381 Martis
1702 2323 2010 2382 alumnum

417 2412 796 2471 Fulmineum
839 2412 1063 2488 trepidi
1107 2412 1344 2472 stabitis
1392 2414 1529 2471 ante
1574 2409 1811 2471 virum?

328 2500 451 2559 Dat
497 2502 653 2561 vires
701 2501 941 2561 dextrae
986 2502 1244 2576 Mavors,
1291 2500 1433 2560 dum
1477 2502 1737 2578 porrigit
1782 2502 1955 2576 ietuS,

247 2611 301 2649 40
419 2589 697 2667 Dumque
741 2592 898 2668 regit
941 2594 1189 2666 turmas,
1233 2591 1390 2650 flava
1434 2590 1706 2649 Minerva
1750 2592 1923 2668 regit.

328 2679 445 2737 ]]la
492 2679 668 2739 duces
713 2679 872 2740 bello
920 2681 1112 2741 claros
1160 2682 1433 2755 aciesque
1479 2682 1702 2754 tuetur,

417 2767 535 2827 Illa
579 2771 741 2829 viros
786 2768 972 2829 fortes
1020 2771 1531 2847 anguigerumque
1579 2788 1780 2847 genus.

329 2857 543 2917 Italiae
588 2858 843 2919 illustris
889 2876 1025 2917 cum
1068 2862 1131 2917 te
1174 2859 1430 2919 victoria
1473 2876 1677 2935 regem

420 2947 652 3007 Fecerit
698 2951 759 3006 et
802 2948 991 3007 tantis
1034 2949 1170 3006 iura
1216 2947 1385 3006 dabis
1430 2947 1689 3022 populis,

247 3055 301 3095 45
328 3035 426 3093 Ad
473 3055 581 3096 sua
624 3038 902 3098 restitues
951 3037 1182 3096 eaelum
1228 3037 1388 3113 quod
1432 3037 1729 3112 temperat
1776 3054 1946 3095 omne

418 3124 698 3202 Undique
746 3130 1094 3201 quassatum
1138 3125 1480 3203 pontificale
1524 3124 1717 3185 decus.

330 3213 485 3272 Tum
529 3214 645 3273 tibi
688 3217 963 3276 victrices
1010 3215 1306 3275 ornabunt
1350 3218 1624 3289 tempora
1668 3214 1904 3274 frondes

418 3303 500 3362 Et
544 3305 803 3364 referent
847 3305 1060 3364 titulos
1105 3305 1209 3363 ille
1253 3303 1352 3364 vel
1397 3303 1501 3362 ille
1546 3306 1698 3363 tuos,

330 3393 497 3453 Tune
544 3412 653 3471 ego
699 3397 759 3453 et
803 3395 1113 3472 ingenium
1158 3395 1219 3452 et
1265 3392 1551 3468 quicquid
1595 3411 1728 3452 mea
1774 3393 2039 3452 earmina
2093 3396 2364 3469 possunt,

249 3502 302 3543 50
417 3481 490 3540 In
536 3482 741 3542 laudes
786 3482 1010 3542 Italum
1058 3482 1581 3560 Sfortigenumque
1627 3482 1797 3541 dabo.

1263 3579 1432 3633 Finit.
