2650 3925
387 239 465 304 18
1361 241 1414 295 Π

377 390 665 467 Ausonia,
710 394 897 467 utque
944 394 1136 452 omnis
1180 391 1342 453 bello
1388 393 1734 472 flagraverit
1781 393 1958 468 orbis,

376 481 761 557 Vulneraque
809 483 871 540 et
916 484 1145 558 strages
1192 482 1449 542 Romani
1492 483 1802 561 sanguinis
1849 484 2043 543 actas!

377 570 647 629 Exitium
694 569 854 647 quod
897 571 1092 630 Roma
1134 571 1303 630 tulit!
1353 571 1705 632 Communia
1751 570 1971 631 Caesar

377 658 521 718 Iura
564 660 730 718 ferox
774 660 841 718 in
886 677 950 719 se
995 659 1157 738 leges
1204 664 1266 719 et
1309 664 1492 736 pacta
1535 661 1803 734 resolvit,

267 768 350 807 460
380 747 555 808 Solus
600 750 666 806 in
711 749 1028 808 arbitrium
1072 752 1268 809 totum
1314 749 1430 809 sibi
1476 750 1733 810 contulit
1776 749 1994 809 orbem.

376 837 516 896 Mox
563 837 668 895 alii
715 841 896 914 atque
943 839 1068 914 alii,
1113 837 1299 899 donec
1345 838 1724 899 volventibus
1772 839 1942 898 annis

376 926 493 986 Res
538 927 808 986 Romana
853 928 994 1003 ruit,
1038 927 1302 986 maculas
1350 927 1594 987 deduxit
1638 927 1827 987 aniles

376 1015 446 1074 In
494 1016 725 1075 senium
770 1035 1020 1095 vergens
1065 1016 1345 1092 tristique
1391 1035 1461 1076 ac
1506 1035 1687 1077 curva
1732 1019 1971 1077 senecta

377 1103 617 1164 Decidit
662 1107 724 1163 et
766 1107 973 1164 tenues
1016 1105 1314 1180 paulatim
1362 1105 1593 1166 effluxit
1635 1106 1700 1164 in
1743 1106 2002 1166 umbras.

266 1213 348 1253 465
376 1194 482 1253 Nil
529 1193 676 1253 adeo
721 1194 959 1272 insigne
1006 1198 1115 1269 est,
1161 1195 1320 1270 quod
1367 1214 1486 1255 non
1533 1198 1743 1266 exacta
1786 1197 2059 1255 vetustas

376 1283 646 1343 Laeserit
690 1286 753 1342 et
796 1283 964 1362 longi
1005 1284 1171 1344 labes
1216 1284 1604 1344 madefecerit
1648 1285 1797 1343 aevi.

376 1372 532 1431 Tum
578 1371 813 1431 deserta
856 1373 957 1448 pio
1000 1372 1245 1432 tandem
1291 1373 1437 1433 data
1479 1373 1671 1433 Roma
1713 1373 1979 1450 parenti3

376 1461 672 1520 Redditur
715 1460 1033 1537 imperium
1081 1463 1382 1536 ecclesiae,
1428 1462 1586 1539 quod
1630 1462 1857 1539 praeda
1900 1462 2165 1538 reliquit.

377 1550 495 1610 Hic
540 1550 644 1626 pia
687 1549 936 1611 libertas
980 1551 1232 1611 maculis
1281 1551 1593 1611 servilibus
1629 1571 1854 1612 aevum

266 1659 350 1700 470
378 1639 610 1713 Abluit,
656 1642 717 1699 et
763 1639 927 1699 caelo
973 1639 1203 1716 placuit
1247 1639 1520 1700 Romana
1564 1660 1851 1718 propago,

372 1728 520 1788 Inde
564 1728 709 1790 fides
755 1732 816 1787 et
859 1729 1096 1808 relligio
1143 1732 1531 1805 sanctumque
1575 1729 1882 1806 piumque,

375 1817 674 1878 Incestare
719 1818 887 1877 nefas
932 1817 1178 1897 ignique
1225 1818 1463 1878 adolere
1507 1821 1755 1896 penates

374 1907 456 1967 Et
501 1908 780 1968 simulare
826 1904 968 1968 deos
1015 1910 1094 1968 et‘
1121 1908 1326 1968 inania
1352 1907 1619 1967 numina
1664 1907 1842 1967 credi.

372 1998 565 2057 Roma
611 1998 715 2056 diu
759 1996 1083 2074 postquam
1127 1999 1296 2057 vario
1345 1998 1453 2057 sub
1499 1997 1771 2074 praesule
1816 1998 1985 2075 vixit,

265 2106 345 2146 4⁷5
374 2086 641 2146 Diversis
689 2089 924 2165 agitata
969 2089 1090 2146 fuit
1131 2106 1239 2165 per
1284 2088 1522 2147 saecula
1567 2086 1730 2146 fatis.

375 2174 642 2234 Plurima
686 2194 849 2235 nunc
887 2177 1138 2253 pollens,
1184 2195 1344 2236 nunc
1391 2179 1548 2236 sorte
1593 2175 1925 2236 involvitur
1970 2175 2110 2248 ima„

372 2264 548 2324 Nunc
592 2266 799 2324 tremit
844 2268 905 2325 et
950 2266 1156 2324 stabili
1198 2265 1451 2341 pedibus
1495 2284 1655 2324 nunc
1698 2264 1909 2325 robore
1952 2263 2126 2324 firma
2170 2267 2281 2339 est,

372 2352 459 2412 Ut
504 2353 658 2413 solet
703 2357 835 2413 atra
880 2354 1005 2414 dies
1052 2357 1351 2415 commota
1396 2374 1504 2430 per
1554 2372 1815 2430 aequora
1859 2355 2083 2413 iactam

373 2441 730 2502 Disturbare
774 2447 986 2518 ratem,
1031 2444 1227 2504 ventis
1273 2462 1434 2503 nunc
1481 2443 1698 2502 obruta
1742 2460 1977 2502 sursum

263 2552 344 2592 480
372 2532 549 2590 Nunc
592 2531 767 2606 redit,
809 2532 1111 2592 interdum
1157 2532 1417 2609 scopulis
1461 2532 1721 2591 illiditur
1766 2535 1826 2592 et
1870 2550 2028 2590 nunc

335 2675 339 2680 .
373 2620 680 2680 Fluctibus
727 2622 1000 2698 aequatis
1046 2621 1278 2681 stabilis
1302 2670 1305 2673 Α
1325 2623 1594 2699 persistit
1639 2621 1702 2680 in
1746 2621 1938 2681 undis.

371 2709 731 2769 Pontificum
774 2712 840 2769 in
883 2712 1059 2770 terris
1106 2729 1459 2787 quocunque
1503 2713 1568 2769 in
1610 2714 1878 2786 tempore
1924 2709 2098 2770 fulsit

260 2822 263 2825 >
370 2797 634 2877 Legibus
680 2803 820 2859 ante
868 2800 1018 2859 alios
1065 2802 1258 2860 status
1305 2804 1366 2859 et
1409 2800 1636 2875 pietate
1680 2818 1791 2876 per
1834 2816 2036 2859 omnes

369 2888 529 2947 Iuris
573 2889 765 2948 honor
808 2888 1021 2964 valuit,
1066 2889 1169 2948 sed
1212 2908 1320 2949 nos
1366 2888 1611 2949 meliore
1653 2892 1903 2964 parente

263 2997 342 3038 485
371 2976 685 3037 Pontifices
732 2979 891 3038 inter
935 2978 1209 3052 fruimur,
1253 2979 1569 3038 miseratus
1616 2977 1690 3035 ab
1737 2979 1862 3037 alto

373 3064 560 3135 Quem
605 3068 781 3142 pater
825 3068 1134 3127 aethereus
1182 3069 1485 3127 contraria
1527 3067 1658 3127 fata
1703 3066 2031 3142 rependens

369 3154 605 3215 Ductus
652 3174 853 3215 amore
900 3156 1081 3230 dedit,
1127 3157 1327 3235 legum
1375 3174 1495 3233 quo
1540 3155 1808 3231 principe
1854 3157 2064 3230 virtuS,

372 3244 502 3314 Quo
547 3245 878 3321 tranquilla
923 3247 1091 3323 quies
1137 3246 1349 3324 fulget,
1398 3264 1515 3321 quo
1560 3263 1794 3321 paxque
1839 3244 2124 3321 piumque

370 3333 766 3411 Iustitiaeque
812 3334 1006 3410 decus,
1053 3335 1291 3411 qualem
1336 3354 1455 3394 non
1501 3334 1753 3410 pertulit
1798 3339 1964 3394 aetas

261 3443 343 3484 490
369 3423 593 3483 Nostra
638 3442 745 3483 nec
792 3426 1056 3502 antiquis
1101 3425 1304 3501 potuit
1350 3423 1614 3483 conferre
1659 3424 1946 3482 vetustas,

517 3615 617 3640 ΔΜ
656 3609 715 3663 iu
753 3629 957 3683 marg:
1000 3612 1246 3683 Quartus
1280 3612 1437 3667 urbis
1472 3617 1663 3668 status.
