2650 3925
403 239 492 304 50
1397 238 1474 292 IX

405 391 599 449 Marte
643 392 783 449 tuos
829 389 1194 466 propiusque
1241 390 1467 449 malum
1510 389 1582 450 fit
1625 390 1825 451 deside
1871 408 2029 451 cura.

408 479 473 539 Si
517 483 578 539 te
623 479 793 538 nulla
836 480 1039 538 movet
1083 479 1276 555 pietas
1323 482 1386 538 et
1428 479 1625 558 gloria
1668 479 1816 540 belli
1937 483 1941 490 '

406 568 606 644 Atque
652 567 859 627 eadem
902 587 1069 628 mens
1115 575 1221 644 est,
1269 570 1377 644 qui
1419 587 1527 628 nos
1571 587 1783 647 urgere
1827 571 2089 645 tuentur,

409 657 666 717 Servitio
711 658 915 733 potius
959 661 1195 734 premat
1239 660 1302 716 et
1348 657 1689 718 dominetur
1731 657 2018 734 Ammas

296 769 376 810 ιω
404 746 599 817 Quam
642 750 750 805 tua
794 748 930 806 iura
974 746 1193 806 volent.
1284 746 1416 824 Ego
1447 750 1522 806 'te
1569 750 1695 806 sate
1741 748 2030 825 sanguine
2075 748 2194 807 Iuli

402 836 517 896 Per
560 835 824 913 patriam
870 837 933 894 et
978 835 1264 913 quicquid
1307 854 1417 912 pro
1461 836 1774 913 relligione
1819 836 2098 897 decorum
2142 841 2234 897 est

405 923 703 1000 Obtestor,
747 944 856 1003 per
900 925 1074 1002 signa
1119 927 1326 1000 crucis,
1374 943 1557 1001 quam
1602 925 1814 985 demon
1861 925 1925 984 in
1970 927 2148 985 orcho

402 1014 655 1074 Horruit
699 1013 1059 1089 effractoque
1106 1015 1352 1091 expavit
1397 1012 1684 1075 Cerberus
1732 1017 1905 1075 antro

404 1104 691 1163 Eumenis
732 1106 797 1162 et
840 1103 1221 1163 diri·siluere
1266 1103 1518 1164 Exionis
1564 1122 1720 1179 axes,

298 1214 375 1255 1⁶5
403 1193 585 1252 Haud
631 1194 797 1269 operi
843 1192 1080 1266 desiste,
1125 1192 1336 1251 ducem
1379 1195 1563 1269 caput
1606 1192 1882 1254 omnibus
1928 1194 2111 1252 armis

403 1282 815 1361 Anguigerum
854 1284 926 1339 et
969 1283 1116 1342 totis
1162 1283 1273 1358 qui
1316 1282 1596 1360 gentibus
1642 1284 1896 1358 imperet
1939 1301 2093 1342 unus

402 1371 731 1432 Instituasss'
804 1369 949 1447 Spes
994 1372 1058 1429 in
1104 1373 1164 1429 te
1212 1372 1422 1446 omniS,
1466 1374 1536 1430 tu
1580 1372 1871 1431 Romulus
1912 1370 2034 1447 ille,

404 1461 494 1519 Tu
539 1460 855 1519 Marcellus
902 1462 1036 1537 eriS‚
1080 1459 1299 1519 Decius
1344 1463 1414 1519 tu
1461 1459 1680 1519 Caesar
1723 1465 1786 1520 et
1830 1459 2005 1520 ambo

406 1549 720 1627 Scipiadae
765 1552 828 1608 et
872 1548 1156 1625 quicquid
1200 1549 1395 1609 virtus
1438 1550 1711 1609 Romana
1756 1549 2030 1610 dedisset.

299 1661 378 1701 170
407 1639 663 1715 Tempus
711 1639 845 1711 erit,
892 1657 1009 1714 quo
1057 1637 1135 1712 (si
1180 1638 1455 1698 dederint
1496 1640 1601 1714 pia
1645 1639 1892 1697 numina
1935 1630 2155 1719 vitam)

404 1727 641 1787 Primus
689 1727 940 1787 odorata
983 1727 1295 1788 redimitus
1340 1731 1615 1804 tempora
1658 1728 1849 1803 lauro,

404 1818 485 1875 Ni
530 1820 638 1876 tua
682 1817 967 1877 maiestas
1013 1835 1250 1876 carmen
1296 1817 1551 1877 mortale
1594 1821 1843 1893 recuset,

406 1906 599 1966 Marte
644 1906 1049 1983 triumphatas
1095 1907 1376 1985 accingar
1420 1905 1614 1966 dicere
1661 1909 1883 1985 gentes.

1365 2273 1475 2340 IX.

405 2410 629 2468 Oracii
683 2406 975 2466 Romani
1028 2410 1117 2465 ad
1170 2410 1375 2466 Pium
1416 2409 1508 2466 11.
1555 2409 1753 2466 Pont.
1799 2410 1980 2469 Max.
2037 2412 2124 2466 de
2177 2410 2436 2481 pietate

404 2501 591 2556 unde
637 2499 910 2554 dicatur
945 2502 1016 2554 et
1057 2501 1246 2569 quod
1289 2499 1504 2569 quina
1545 2499 1767 2569 pietas
1802 2498 1895 2555 sit
1927 2500 2004 2555 in
2038 2500 2163 2557 Pio
2200 2513 2436 2570 quem·

405 2589 782 2646 admodum
863 2587 1169 2658 quinque
1248 2588 1456 2644 lunae
1491 2626 1495 2633 -
1529 2589 1606 2644 in
1677 2589 1883 2647 armis
1965 2588 2436 2658 designantur,

521 2679 744 2749 prima
787 2677 863 2731 in
907 2679 1138 2745 deum,
1184 2679 1491 2734 secunda
1538 2681 1664 2734 etc.
1711 2680 1793 2733 ut
1835 2678 1912 2733 in
1953 2677 2324 2749 proposito.

404 2801 459 2858 Ii
502 2798 666 2857 Iovis
714 2800 851 2857 ante
896 2797 1199 2873 thronum,
1246 2798 1530 2873 quoniam
1574 2816 1695 2857 non
1740 2816 2055 2876 possumus
2101 2799 2237 2875 ipsi,

494 2887 666 2947 Unde
710 2886 821 2947 Pio
868 2903 1083 2947 nomen
1130 2887 1369 2946 consule
1419 2886 1678 2965 Caliope,

406 2977 577 3036 Unde
625 2994 829 3055 genus,
877 2976 1093 3052 quibus
1140 2975 1445 3052 eloquium
1489 2977 1561 3035 de
1606 2976 1873 3036 fontibus
1918 2977 2139 3052 hausit,

493 3066 732 3144 Ingenii
775 3067 969 3125 virtus
1014 3065 1170 3124 unde
1217 3066 1296 3125 sit
1342 3065 1450 3124 illa
1496 3066 1605 3124 sui.

355 3176 378 3215 5
407 3155 571 3216 Haec
617 3174 726 3232 ego
772 3153 873 3214 vix
917 3153 1117 3214 Pietas
1161 3154 1325 3214 Iovis
1368 3154 1438 3213 id·
1476 3156 1604 3213 sine
1648 3156 1891 3215 numine
1934 3173 2177 3231 possum

496 3245 735 3304 Dicere:
779 3243 851 3302 fit
894 3250 1112 3303 nomen
1156 3262 1193 3303 a
1237 3245 1466 3319 pietate
1511 3243 1637 3303 Pio.

409 3333 621 3394 Cetera
667 3332 812 3409 quid
855 3334 1111 3393 referam
1157 3333 1400 3392 caelesti
1444 3332 1626 3411 digna
1672 3330 1963 3393 coturno?

495 3424 632 3483 Non
679 3426 819 3481 sunt
863 3422 1106 3481 mortali
1149 3421 1526 3482 nobilitanda
1570 3422 1720 3498 lyra.

551 3610 641 3661 ΠτὟ
681 3612 730 3664 Α
766 3610 861 3664 fol.
895 3615 1036 3666 157‘.
1074 3610 1120 3663 Β
1157 3584 1434 3666 f01.‘148r..
