2650 3925
537 167 849 223 ORATIVS
886 166 1242 222 ROMANVS
1278 166 1397 226 PIO
1433 168 1501 223 Π.
1537 167 1751 223 ΡΟΝΤ.
1789 168 1966 224 MAX.
2180 169 2269 236 47,

159 341 210 382 55
238 320 402 379 Dum
449 338 584 397 spes
630 319 798 378 nulla
843 318 975 393 tibi,
1023 320 1299 395 quotiens
1347 320 1592 380 fortuna
1635 320 1898 381 refulsit!

237 411 564 487 Imperium
611 408 838 485 optasti
881 408 1201 487 Ligurumz
1246 428 1367 468 non
1412 410 1590 468 irrita
1633 409 1762 469 voti

241 498 379 559 Sors
428 499 572 574 fuit3
615 498 865 558 hostiles
912 497 1130 557 collato
1176 497 1372 557 Marte
1419 500 1689 558 catervas

240 588 531 647 Fulminis
576 589 643 645 in
687 606 914 647 morem
957 586 1118 645 fudit
1161 589 1269 649 tua
1313 586 1520 647 vivida
1565 587 1774 648 virtus.
1990 659 1992 663 Α

238 678 312 737 In
358 679 540 753 caput
585 695 753 735 arma
797 678 969 735 tuum
1014 675 1212 736 moliti
1259 679 1321 735 et
1364 675 1576 737 foedus
1624 679 1686 736 et
1727 677 1884 737 iram

160 787 213 827 eo
238 768 545 844 Regnator
591 764 860 825 Siculum
902 764 1270 840 Venetique:
1315 765 1382 824 in
1424 764 1663 824 turbine
1706 785 1906 825 rerum

239 855 349 916 Vis
396 847 663 936 (inopem
711 872 1077 930 quamquam
1122 846 1365 936 auxilii)
1410 874 1530 913 non
1575 856 1793 914 terruit
1837 856 1983 916 ulla.

242 943 399 1014 Quin
446 963 591 1006 auro
639 946 822 1019 atque
868 942 1081 1020 opibus
1127 942 1375 1004 fidentes
1422 942 1678 1004 fortibus
1725 947 1905 1005 armis

245 1033 434 1110 Saepe
478 1034 794 1093 renitentis
837 1033 1100 1093 Venetos
1149 1032 1224 1090 ad
1270 1032 1515 1093 foedera
1559 1032 1744 1092 duxti.

242 1122 645 1183 Hannibalem
689 1122 912 1182 totiens
955 1124 1186 1181 victum
1230 1120 1646 1198 Picinim‘aque
1694 1140 1862 1182 arma

162 1232 216 1272 65
244 1211 517 1271 Vidimus
564 1214 625 1271 et
669 1211 882 1270 mediis
926 1212 1200 1270 Veronae
1246 1210 1555 1274 moenibus
1603 1210 1749 1270 olim

242 1301 532 1376 Eiectum,
580 1319 714 1360 cum
759 1302 854 1359 tot
897 1301 1101 1378 galeas
1148 1302 1209 1358 et
1253 1301 1424 1360 scuta
1468 1301 1748 1375 virosque

242 1390 554 1449 Fluctibus
599 1390 914 1450 involvens
959 1389 1203 1449 Athesis
1248 1407 1414 1448 mare
1461 1388 1698 1448 decolor
1740 1391 1951 1450 intras.

244 1479 401 1550 Quid
446 1498 625 1556 super
665 1478 964 1538 Ausonias
1011 1480 1169 1537 acies
1217 1480 1322 1536 aut
1368 1478 1592 1555 oppida
1635 1480 1830 1539 victor

242 1568 518 1628 Edideris
564 1570 896 1627 memorent
941 1567 1064 1643 alii,
1112 1566 1326 1642 quibus
1374 1567 1607 1628 auxeris
1654 1569 1837 1627 armis

165 1677 218 1718 ἰο
244 1658 391 1717 Rem
436 1658 752 1732 Venetum‚
796 1657 1051 1733 populos
1100 1658 1248 1732 quot
1293 1656 1402 1715 sub
1451 1656 1682 1716 dicione
1729 1655 1963 1716 dedisti.
2060 1691 2073 1699 -

246 1748 483 1807 Sentiat
526 1747 632 1806 ille
679 1748 835 1806 acies
881 1749 942 1806 et
987 1763 1139 1823 quae
1186 1745 1302 1805 tibi
1345 1745 1603 1805 fulmina
1647 1746 1888 1805 Mavors

247 1836 547 1914 Suggerit,
594 1838 656 1894 et
701 1837 960 1911 quantus
1006 1836 1088 1895 sis
1136 1837 1479 1912 experiatur
1522 1836 1588 1895 in
1635 1834 1833 1895 armiS.

248 1925 315 1985 Si
360 1926 537 1986 decus
584 1925 647 1985 id
694 1926 912 1985 summi
958 1923 1122 1986 ducis
1170 1923 1549 2001 officiumque
1596 1924 1823 2000 fateriS,

246 2015 418 2074 Aude
465 2007 655 2074 animi
699 2013 902 2090 fidens,
949 2033 1068 2090 quo
1114 2017 1178 2074 te
1222 2017 1402 2075 vocat
1445 2015 1637 2074 ardua,
1678 2015 1899 2074 virtus!

167 2123 218 2164 ⁷5
245 2103 493 2164 Adriaci
539 2104 616 2164 ad
661 2105 807 2164 litus
851 2103 1066 2165 mediis
1113 2122 1291 2180 super
1338 2105 1610 2179 aequoris
1655 2103 1831 2162 undis

246 2192 403 2252 Urbs
447 2194 746 2253 Venetum
790 2192 1006 2254 florens
1054 2193 1268 2268 opibus
1308 2195 1378 2252 et
1423 2193 1610 2252 classe
1653 2194 1870 2268 parata

245 2282 562 2356 Incolitur;
608 2283 734 2342 late
776 2282 1018 2358 populis
1064 2282 1170 2342 dat
1211 2284 1352 2341 iura
1396 2283 1653 2341 senatus.

247 2370 331 2430 Hi
376 2371 678 2447 quondam
725 2371 963 2431 assiduo
1011 2371 1177 2430 soliti
1223 2370 1575 2431 contendere
1619 2370 1814 2430 Marte

248 2461 627 2537 Infestasque
672 2462 835 2520 rates
880 2462 1009 2520 toto
1057 2460 1373 2520 detrudere
1418 2462 1602 2536 ponto

118 2600 123 2604 .
167 2570 223 2610 80
250 2550 332 2608 Et
376 2568 540 2609 mare
584 2550 943 2610 inoffensum
987 2566 1224 2609 servare
1269 2552 1332 2609 et
1376 2549 1601 2608 littoris
1647 2566 1784 2609 oras

254 2637 619 2716 Sceptraque
665 2639 767 2698 vix
811 2638 1012 2716 pelagi
1058 2638 1340 2715 Neptuno
1384 2641 1523 2698 tuta
1566 2638 1933 2714 relinquunt.

250 2727 364 2787 His
410 2729 464 2787 si
509 2730 674 2787 certa
719 2727 887 2787 sedet
928 2726 1077 2786 belli
1121 2728 1437 2802 sententia,
1482 2746 1848 2803 quamquam

254 2815 391 2876 Sint
433 2818 499 2875 in
547 2818 814 2876 amicitia
862 2817 1190 2876 'Purcorum
1235 2820 1294 2877 et
1340 2816 1576 2877 foedere
1620 2817 1827 2892 vincti,

251 2905 591 2965 Armabunt
635 2907 904 2980 classem,
948 2905 1214 2965 maculas
1261 2905 1498 2966 abolere
1543 2908 1805 2982 patentis

169 3015 223 3056 85
256 2993 534 3054 Criminis
580 2995 742 3054 haud
791 2994 940 3054 alias
988 2996 1050 3054 et
1095 2994 1225 3053 dira
1270 2995 1512 3071 piacula
1555 2998 1822 3071 possunt.

251 3083 365 3143 His
411 3086 538 3144 sine
583 3083 846 3145 difficilis
890 3083 1037 3143 belli
1079 3085 1337 3144 victoria
1381 3083 1572 3159 nobis,

253 3172 419 3233 Haec
463 3175 558 3234 vis
603 3192 727 3232 una
772 3175 975 3250 potest
1016 3175 1123 3232 uni
1170 3173 1527 3233 contendere
1573 3173 1782 3232 Turco.

252 3262 394 3321 Mox
440 3261 708 3322 Siculum
751 3264 976 3339 poteris
1022 3281 1345 3339 regnorum
1390 3280 1681 3323 arcessere
1727 3264 1886 3322 vires

399 3401 469 3451 58
504 3396 781 3453 Fluminis
817 3397 950 3463 AB,
985 3394 1240 3450 fulminis
1276 3395 1344 3464 X,
1384 3401 1469 3449 22.
1514 3398 1534 3464 11
1579 3401 1647 3451 65
1686 3396 1823 3451 olim
1860 3396 1981 3451 AB
2035 3395 2191 3450 urbis
2230 3396 2289 3450 B

254 3467 317 3550 in
351 3485 526 3592 mflarg.
555 3470 575 3537 11
610 3472 692 3594 633
716 3467 894 3522 intras
931 3467 1052 3522 AB
1089 3465 1214 3521 ibas
1251 3467 1307 3521 B
1345 3467 1406 3520 in
1441 3485 1617 3537 marg.
1655 3470 1675 3538 ΙΙ
1711 3473 1781 3522 80
1816 3467 1878 3521 in
1920 3466 2194 3523 offensum
2230 3466 2287 3523 A

256 3557 317 3594 in
354 3556 386 3594 o
433 3556 598 3593 ensus
