2650 3925
996 155 1410 212 PRAEFATIO
2142 158 2222 213 XI

120 309 440 369 Porcelii
504 309 764 369 carmine
826 328 1021 386 papae
1066 309 1162 367 illi
1207 308 1481 369 dedicato
1538 309 1699 385 quod
1758 311 2107 370 inscribitur
2149 312 2221 370 dc

112 401 349 473 poetis
414 402 470 458 et
531 399 862 458 oratoribus
913 401 1012 458 sui
1075 400 1365 472 temporis.
1458 399 1586 469 Quo
1658 402 1726 458 in
1796 399 2058 459 carmine
2129 401 2219 459 ita

128 489 515 564 alloquitur
558 488 908 547 Horatium:

402 576 547 635 Huc
591 578 732 637 ades
780 575 949 635 Orati
991 581 1235 635 veterem
1279 579 1382 649 qui
1423 579 1602 635 vertis
1644 577 1987 652 Homerum,

501 666 787 742 Pegaseas
831 667 1029 725 latices
1074 668 1170 724 cui
1214 683 1348 725 mea
1391 668 1581 725 Musa
1624 667 1797 726 dedit.
1809 658 1863 748 ¹)

297 772 566 832 Accedit
611 772 771 848 quod
826 773 1041 849 exigua
1106 772 1322 831 saltem
1385 790 1526 847 pars
1581 772 1793 832 Iliadis
1841 772 1916 832 ab
1962 773 2218 833 Horatio

136 863 514 922 translatae
541 861 711 922 nobis
740 863 981 920 servata
1007 863 1117 935 est,
1163 861 1324 937 quod
1371 862 1669 937 specimen
1714 862 1975 939 suscepti
2022 863 2217 939 operis

142 950 238 1010 ad
277 944 630 1012 Iohannem
666 950 1022 1009 Tortellium
1068 949 1502 1010 cubicularium
1544 950 1920 1026 pontificium
1955 951 2217 1011 destina-

144 1042 363 1099 verat.
462 1039 722 1117 Repperi
769 1043 971 1099 autem
1014 1040 1077 1098 in
1126 1038 1326 1099 codice
1366 1040 1664 1098 Vaticano
1710 1040 1817 1098 lat.
1858 1041 2051 1113 3908,
2097 1060 2216 1118 quo

149 1129 487 1188 volumine
532 1129 759 1187 multae
815 1128 1105 1203 epistolae
1149 1128 1290 1186 inde
1339 1128 1413 1187 ab
1469 1147 1626 1187 anno
1677 1130 1847 1188 1445
1905 1148 2094 1205 usque
2141 1130 2218 1189 ad

152 1217 263 1277 Pii
310 1218 383 1277 II
454 1221 729 1294 tempora
801 1217 879 1277 ad
938 1218 1296 1277 Tortellium
1370 1216 1547 1277 datae
1619 1219 2216 1295 comprehenduntur.

153 1305 360 1366 Cuius
410 1308 477 1365 in
522 1306 742 1368 codicis
787 1306 1036 1383 plagula
1086 1308 1210 1365 173
1261 1306 1579 1366 chartacea
1622 1307 1769 1366 haec
1811 1308 2126 1387 leguntur:

304 1396 562 1455 Homeri
595 1401 805 1469 poetae
849 1397 957 1454 cla.
1006 1413 1075 1454 ex
1113 1413 1282 1469 qreco
1327 1398 1395 1454 in
1457 1397 1652 1455 latinii
1712 1399 1873 1455 uersi
1924 1416 2040 1471 per
2083 1414 2217 1457 ora-

159 1487 321 1544 tium
370 1486 520 1544 liber
554 1487 796 1558 primus
838 1486 1046 1557 incipit
1083 1485 1269 1559 yliad.

309 1573 665 1649 Sequuntur
707 1575 892 1649 primi
944 1572 1448 1652 duodesexaginta
1506 1592 1713 1634 versus
1766 1574 2005 1650 Eiadis,
2064 1594 2215 1653 quos

164 1662 372 1738 ipsius
418 1662 660 1720 Horatii
716 1681 903 1721 manu
961 1663 1212 1738 scriptos
1260 1681 1386 1722 esse
1432 1681 1552 1721 non
1611 1665 1738 1722 sine
1799 1682 1979 1723 causa
2025 1665 2215 1741 suspi-

172 1769 398 1809 cemur.
492 1751 788 1810 Desinunt
833 1754 1034 1810 autem
1069 1753 1136 1809 in
1182 1752 1446 1811 eiusdem
1482 1753 1724 1811 chartae
1755 1754 1981 1831 pagina
2008 1755 2217 1831 altera,

170 1840 348 1899 cuius
439 1839 688 1900 inferior
766 1859 907 1916 pars
999 1843 1297 1917 scriptura
1377 1860 1569 1901 vacua
1649 1844 1890 1901 mansit.
2019 1842 2217 1912 Quare

172 1948 549 2007 quamquam
605 1949 756 2006 quae
803 1931 1076 2007 sequitur
1121 1931 1340 1991 codicis
1387 1931 1597 1992 charta
1645 1935 1677 1991 1
1690 1933 1772 1991 74
1821 1932 2041 1992 amissa
2106 1935 2214 2010 est,

172 2023 380 2079 tamen
446 2021 598 2079 alios
661 2038 867 2081 versus
924 2020 997 2079 ab
1043 2020 1300 2080 Horatio
1363 2022 1690 2081 translatos
1755 2022 2041 2082 excidisse
2085 2024 2216 2082 iure

174 2111 387 2187 negari
429 2112 647 2186 potest.

314 2198 482 2268 Quod
518 2198 768 2259 Homeri
804 2201 1076 2259 conversi
1120 2200 1419 2275 specimen
1466 2199 1830 2259 carminibus
1865 2197 2216 2260 Horatianis

182 2305 278 2344 me
319 2287 634 2348 inseruisse
681 2287 1037 2364 eosdemque
1081 2307 1288 2348 versus
1317 2307 1356 2347 a
1381 2287 1774 2364 Marsuppino
1820 2289 2146 2348 translatos
2159 2281 2210 2370 ²)

187 2374 478 2434 addidisse
532 2379 634 2435 vix
695 2378 1018 2454 quisquam
1080 2376 1535 2453 vituperaverit.
1626 2378 1787 2437 Nam
1849 2397 2216 2453 quamquam

190 2462 462 2522 Vossium
507 2482 642 2523 cum
684 2466 1008 2525 Horatium
1061 2467 1370 2541 primum
1413 2465 1611 2526 Hiada
1654 2467 1719 2525 in
1762 2466 2048 2526 Latinam
2098 2468 2214 2526 lin·

192 2570 367 2629 guam
408 2555 770 2614 convertisse
815 2555 1056 2628 diceret,
1102 2555 1371 2630 graviter
1414 2573 1640 2615 errasse
1683 2557 1785 2615 vix
1832 2556 2008 2615 debet
2053 2555 2215 2638 affir-

192 2642 369 2717 mari,
411 2644 616 2701 tamen
661 2643 726 2701 in
772 2662 841 2702 eo
886 2661 1135 2702 numero
1183 2646 1274 2703 est
1331 2644 1665 2720 habendus,
1726 2646 1833 2720 qui
1893 2647 2215 2721 postquam

194 2749 364 2807 prosa
405 2731 676 2791 oratione
719 2731 885 2791 haud
928 2732 1110 2809 pauci
1156 2735 1295 2792 ante
1355 2752 1491 2792 eum
1535 2734 1862 2793 Homerum
1916 2753 2212 2810 expresse-

195 2823 344 2894 runt,
385 2820 567 2896 primi
610 2821 884 2881 versibus
928 2822 1137 2880 latinis
1181 2822 1551 2881 immortalia
1590 2823 1703 2881 illa
1747 2824 2014 2882 carmina
2050 2825 2213 2883 tran-

331 3029 380 3095 1)
414 3025 680 3080 Vahlen
717 3026 753 3080 l.
784 3043 831 3080 c.
869 3045 924 3097 p.
957 3032 1061 3081 378
1116 3045 1148 3081 e
1186 3028 1381 3081 codice
1435 3028 1797 3082 Rossettiano
1850 3027 1954 3081 XII
2006 3028 2213 3082 biblio-

198 3097 382 3152 thecae
413 3097 775 3166 municipalis
812 3098 1193 3169 Tergestinae.
1270 3098 1531 3166 Carmen,
1577 3098 1729 3167 quod
1783 3099 1993 3169 le'gitur
2037 3100 2212 3153 etiam

203 3168 259 3221 in
291 3167 480 3223 Codice
514 3168 550 3222 J
584 3169 690 3224 VH
726 3174 830 3223 260
865 3170 1258 3225 Bibliothecae
1284 3168 1612 3238 Chigianae‚
1639 3186 1820 3239 nuper
1847 3170 2063 3225 editum
2090 3186 2212 3226 esse

207 3240 477 3365 33525231
484 3239 576 3365 *Ei
591 3240 968 3382 Iifflfinssffi.
990 3241 1234 3379 ‘fflvfi
1272 3241 2213 3367 tssffidxfflssffssffffssssdssffifflssoss

209 3380 735 3523 mmguffaffd'izi,
790 3454 937 3509 Bibl.
991 3455 1161 3524 Leop.
1219 3455 1481 3508 Laurent.
1519 3454 1589 3521 Π,
1617 3459 1739 3508 439.
1812 3454 2125 3523 Descripsit
2180 3469 2211 3507 e

211 3524 380 3580 codice
411 3525 790 3581 Laurentiano
828 3526 990 3582 Felix
1024 3526 1364 3580 Ramorinus
1400 3526 1484 3579 vir
1521 3525 1798 3595 egregius.
