2650 3925
376 205 452 258 VI
1182 203 1593 260 PRAEFATIO

371 360 439 416 in
486 357 860 432 ephemeride
909 375 1065 433 quae
1110 356 1457 416 inscribitur
1499 356 1784 418 Archivio
1832 358 1990 417 della
2035 350 2255 418 societa
2291 357 2407 416 Ro-

372 464 554 505 mana
592 446 655 504 di
690 446 877 505 storia
922 447 1125 522 patria
1159 445 1380 506 ΧΧΙΠ.
1428 448 1599 507 1900
1644 467 1703 522 p.
1735 448 1914 524 6sqq.
2004 446 2235 506 Ibidem
2282 448 2408 507 dia-

371 537 530 594 rium
593 535 826 595 itineris
889 535 1082 594 italici
1128 536 1288 612 quod
1333 536 1437 593 ille
1501 539 1845 611 susceperat
1905 539 2076 597 annis
2128 537 2297 596 1587
2348 540 2408 597 et

379 624 548 683 1588
597 624 913 702 vulgatum
961 627 1068 685 est.
1159 624 1336 684 Anno
1385 626 1584 684 autem
1626 626 1793 686 1599
1842 625 2163 685 Ultraiecti
2207 627 2406 687 sedem

371 713 633 773 habebat
676 713 1021 774 Buchellius
1086 714 1464 789 codicemque
1517 715 1691 772 illum
1752 717 1898 776 emit
1943 735 2013 775 ex
2074 716 2405 775 hereditate

372 802 682 862 cuiusdam
728 803 801 863 de
849 802 908 861 S.
955 803 1306 881 Aldegonde
1352 803 1587 861 familia
1630 803 1868 864 Batava
1913 805 2299 865 nobilissima.

504 891 832 951 Veniamus
896 911 1053 951 nunc
1118 892 1195 952 ad
1257 894 1523 951 carmina
1592 911 1742 968 quae
1806 894 1871 952 in
1934 893 2135 954 codice
2197 897 2403 954 nostro

369 982 653 1059 leguntur
708 981 973 1041 breviter
1029 981 1407 1041 illustranda.
1500 982 1663 1051 Quae
1724 983 1799 1041 ab
1859 983 1991 1058 ipso
2036 983 2292 1043 Horatio
2338 986 2404 1042 in

373 1090 564 1128 unum
628 1089 842 1147 corpus
906 1070 1150 1131 redacta
1214 1088 1339 1131 esse
1402 1073 1630 1131 certum
1693 1071 1947 1146 videtur,
2012 1075 2172 1131 errat
2245 1075 2404 1132 enim

370 1158 618 1219 Vossius
665 1178 800 1219 cum
845 1159 1279 1236 praefationem
1323 1178 1503 1236 prosa
1558 1162 1826 1220 oratione
1881 1164 2278 1238 conscriptam
2324 1163 2403 1221 ad

371 1249 561 1308 solam
597 1248 940 1308 Porcariam
985 1250 1281 1325 pertinere
1318 1249 1481 1308 dicit.
1572 1249 1763 1308 Immo
1803 1249 1880 1308 ad
1916 1252 2114 1310 totum
2159 1270 2400 1328 corpus-

371 1339 571 1396 culum
613 1337 820 1397 referri
870 1337 1045 1397 debet
1088 1357 1280 1414 neque
1327 1339 1518 1398 altera
1558 1340 1795 1413 praeter
1832 1358 1964 1398 eam
2001 1343 2195 1399 exstat
2230 1360 2398 1417 prae-

368 1427 547 1501 fatio;
593 1428 815 1486 etenim
852 1429 958 1503 qui
1003 1430 1336 1503 sequuntur
1378 1446 1584 1487 versus
1639 1428 1891 1506 eleg-iaci
1936 1428 2014 1487 ad
2056 1429 2400 1505 pontificem

368 1516 694 1592 conscripti
738 1536 859 1575 non
904 1516 1217 1592 praefatiO‚
1264 1516 1368 1576 sed
1410 1519 1672 1592 primum
1718 1520 1981 1594 corporis
2027 1536 2265 1578 carmen
2312 1523 2402 1579 est

369 1605 844 1665 existimandum.
939 1604 1136 1665 Codex
1182 1608 1385 1665 autem
1431 1607 1737 1683 eleganter
1780 1609 2038 1683 scriptus
2092 1608 2399 1684 nitideque

368 1697 613 1753 ornatus
664 1696 862 1754 nescio
909 1714 986 1753 an
1038 1695 1199 1754 idem
1243 1697 1324 1755 sit
1381 1714 1556 1770 quem
1611 1694 1789 1756 Petro
1844 1696 2109 1756 Lunensi
2161 1698 2399 1757 Nicolai

366 1783 424 1840 V
469 1783 937 1844 familiarissimo
982 1784 1149 1843 misit
1193 1784 1497 1843 Horatius.
1590 1784 1744 1843 Erat
1778 1785 1830 1843 is
1874 1788 2146 1861 poeticae
2190 1788 2397 1846 huma-

366 1874 694 1948 nitatisque
765 1873 982 1932 studiis
1046 1875 1107 1933 et
1168 1874 1297 1949 ipse
1362 1872 1596 1932 deditus
1670 1876 2088 1951 amicitiaeque
2159 1877 2398 1937 vinculo

367 1965 720 2023 coniunctus
795 1982 929 2022 cum
991 1962 1222 2041 Poggio
1294 1963 1641 2022 Florentino
1704 1962 2131 2041 Leonardoque
2194 1966 2397 2029 Bruno

366 2052 636 2128 Aretino,
689 2054 956 2128 itemque
1009 2051 1120 2110 filii
1184 2052 1311 2112 eius
1370 2072 1547 2128 quem
1609 2052 1899 2112 Horatius
1955 2060 2397 2132 commemorat,

366 2142 465 2200 cui
536 2161 751 2201 nomen
816 2144 948 2202 erat
1008 2141 1307 2218 Baptista,
1370 2161 1575 2202 versus
1647 2142 1930 2219 leguntur
1981 2145 2047 2202 in
2109 2144 2396 2206 Anecdot.

363 2230 617 2290 litterar.
665 2231 780 2291 vol.
818 2230 916 2290 ΠΙ
962 2222 1217 2312 (Romae
1267 2223 1470 2313 1773)
1516 2251 1574 2306 p.
1616 2223 1834 2313 431.¹)

501 2337 693 2407 Quam
737 2338 1175 2414 praefationem
1204 2357 1357 2412 quae
1403 2341 1738 2413 sequuntur
1763 2341 2029 2399 carmina
2056 2341 2202 2401 haec
2229 2345 2395 2402 sunt:

504 2429 558 2485 1.
604 2426 711 2485 Ad
756 2427 1136 2486 Nicolaum
1189 2426 1247 2483 V
1302 2427 1553 2505 elegia.
1649 2426 1923 2488 Gelebrat
1985 2433 2165 2506 poeta
2230 2450 2397 2510 egre-

364 2517 527 2593 giam
571 2516 858 2575 virtutem
901 2515 1227 2592 pontificis,
1282 2535 1400 2592 quo
1446 2520 1734 2593 regnante
1789 2536 1970 2578 aurea
2024 2522 2261 2581 saecula
2304 2543 2396 2581 re-

363 2605 520 2664 disse
579 2605 914 2665 videantur.
1017 2605 1320 2681 Imprimis
1381 2608 1582 2664 autem
1641 2626 1822 2682 opera
1868 2609 1942 2667 ab
1991 2628 2060 2668 eo
2120 2615 2396 2688 suscepta

363 2695 609 2754 summis
664 2694 832 2753 effert
887 2693 1184 2770 laudibus,
1245 2713 1398 2771 quae
1457 2695 1902 2773 magnificentia
1947 2700 2008 2756 et
2064 2700 2393 2775 pulchritu-

363 2783 500 2842 dine
538 2785 740 2842 omnia
785 2783 1165 2859 antiquitatis
1213 2783 1484 2844 aedificia
1519 2785 1695 2863 longe
1742 2789 2037 2861 superent.
2130 2788 2394 2858 Quorum

363 2891 610 2948 operum
680 2874 839 2932 notis
903 2873 968 2932 in
1039 2873 1310 2950 margine
1386 2872 1631 2933 adiectis
1706 2880 2244 2936 commemorantur
2318 2878 2392 2937 ab

361 2961 617 3021 Horatio
662 2962 834 3021 haec:

496 3049 863 3109 Palatium
927 3051 1409 3126 apostolicum
1471 3051 1640 3109 iuxta
1701 3050 2013 3111 ecclesiam
2060 3052 2117 3110 S.
2164 3054 2392 3114 Mariae

507 3278 558 3345 1)
597 3274 926 3340 Mancini,
964 3274 1102 3329 Vita
1139 3274 1199 3328 di
1233 3273 1481 3329 Lorenzo
1509 3274 1696 3343 Valla,
1734 3275 1964 3330 Firenze
2004 3282 2160 3345 1891,
2196 3296 2253 3347 p.
2285 3283 2390 3332 286

336 3346 429 3401 'N.
463 3352 512 3415 3,
548 3365 603 3416 p.
636 3352 740 3400 275
777 3345 848 3400 N.
879 3351 927 3400 6.
1002 3346 1185 3413 Liber,
1223 3361 1393 3415 quem
1430 3345 1566 3400 olim
1601 3347 1855 3417 possedit
1890 3348 2089 3403 Petrus
2138 3349 2255 3418 ille,
2293 3351 2392 3419 qui

362 3421 678 3473 asservatur
713 3417 957 3473 Viterbii
1007 3418 1068 3472 in
1122 3417 1471 3473 bibliotheca
1525 3416 1856 3488 Capitulari,
1913 3420 2216 3489 epistulam
2269 3422 2392 3477 eius

361 3491 612 3547 continet
675 3490 750 3545 ad
811 3490 1165 3545 Leonardum
1226 3489 1524 3544 Aretinum
1587 3491 1872 3562 scriptam,
1938 3492 2006 3546 cf.
2047 3491 2236 3549 Revue
2292 3495 2390 3550 des

359 3561 777 3633 bibliotheques
814 3563 920 3616 vol.
952 3562 1019 3633 V,
1060 3568 1216 3630 1895,
1253 3580 1307 3632 p.
1340 3567 1461 3618 244.
