2650 3925
315 168 406 233 40
1309 169 1357 224 V

316 318 582 397 Pupibus
631 322 740 379 aut
783 321 1002 379 iterum
1046 320 1388 380 redeuntem
1439 320 1697 380 offendet
1738 319 1999 396 Atrides,

316 409 454 468 Non
498 412 560 468 te
605 412 841 485 sceptra
886 409 985 467 dei
1028 429 1137 469 nec
1180 410 1390 470 laurea
1434 411 1668 486 texerit,
1714 412 1932 489 augur!

316 498 490 558 Hanc
534 499 745 575 procul
781 501 845 557 in
890 500 1154 575 patriam
1200 501 1462 559 statuam
1510 518 1645 559 cum
1687 498 1958 560 redditus
2004 499 2167 578 Argo

318 587 639 647 Texentem
682 588 893 663 toelas‚
939 590 1211 647 nostrum
1257 590 1500 665 captiva
1546 590 1740 648 cubile

237 696 290 737 35
321 675 603 737 Cominus
650 678 917 753 aspiciet,
964 677 1107 736 dum
1152 681 1399 737 strenua
1444 678 1681 737 fulserit
1727 681 1907 738 aetas.

316 764 348 823 I
392 766 601 842 procul
648 767 935 842 actutum,
981 786 1054 825 ne
1101 786 1194 825 me
1239 766 1515 843 irritaris,
1561 769 1631 826 ut
1673 767 1812 825 inde

316 853 527 915 Illesus
572 855 807 914 redeas!
854 854 937 915 At
981 855 1076 915 illi
1121 856 1367 915 territus
1416 875 1607 934 augur

316 942 497 1002 Paret
543 947 603 1003 et
649 944 727 1003 ad
770 945 916 1003 litus
961 945 1166 1023 pelagi
1208 944 1587 1005 fluitantibus
1632 945 1809 1005 undis

318 1033 537 1092 Tendit
581 1035 699 1091 iter
742 1052 993 1110 propere
1041 1037 1380 1109 aspectan83
1425 1037 1557 1093 tum
1600 1035 1862 1110 plurima
1908 1038 2155 1110 questus

236 1141 292 1181 40
318 1120 648 1198 Latoydem
695 1123 943 1198 supplex
987 1124 1253 1183 lacrimis
1300 1124 1521 1181 affatur
1566 1123 1817 1183 obortis:

320 1209 595 1272 Crinibus
640 1211 894 1289 insignis
942 1210 1244 1271 Chr-issam
1291 1214 1397 1288 qui
1442 1212 1656 1273 fortius
1704 1211 1884 1273 audes

316 1300 608 1377 Archiger
655 1303 715 1359 et
762 1300 1022 1360 Chillam
1064 1301 1365 1361 illustrem
1411 1301 1832 1377 Tenedumque
1877 1303 2166 1362 nitentem

316 1389 555 1448 Eternis
599 1408 803 1469 regere
849 1391 1138 1467 imperiis,
1184 1393 1237 1450 si
1280 1391 1475 1449 thuris
1523 1409 1763 1450 acervos

315 1477 412 1537 Ad
459 1482 566 1538 tua
610 1481 837 1556 templa
881 1481 1014 1556 tuli,
1061 1479 1114 1538 si
1158 1481 1412 1558 pinguia
1456 1479 1611 1540 liba.
1628 1482 1775 1556 quot
1821 1480 1992 1539 annis

234 1588 287 1628 45
317 1569 652 1628 Taurorum
695 1568 1107 1646 pecudumque
1155 1568 1294 1627 dedi
1339 1569 1621 1628 torrenda
1664 1588 1774 1645 per
1820 1588 1972 1643 aras,

315 1657 569 1733 Exaudi,
614 1676 756 1716 nam
802 1658 986 1736 dig-na
1029 1676 1256 1734 precor,
1302 1677 1437 1717 mea
1482 1661 1625 1718 vota
1672 1658 1948 1718 cadentes

315 1747 398 1805 Et
441 1746 722 1805 lacrimas
769 1766 984 1823 quasso
1033 1745 1202 1806 Graii
1246 1750 1568 1807 vereantur
1614 1747 1689 1806 ab
1736 1749 1905 1807 arcu!

406 1835 621 1895 Audiit
665 1817 1260 1910 architenenS,‘celso
1305 1836 1582 1896 turbatus
1631 1834 1870 1914 Olimpo

316 1925 560 1996 Desiliit
603 1925 764 1986 nocti
811 1926 1023 1986 similis
1072 1925 1366 2002 classique
1403 1925 1727 2005 Pelasgum

237 2036 290 2076 50
319 2014 513 2085 Quam
557 2016 766 2091 procul
812 2016 1045 2093 aspexit
1089 2016 1262 2075 furiis
1309 2034 1589 2076 accensus
1634 2020 1696 2075 et
1739 2018 1834 2075 ira

255 2174 264 2182 ι
321 2104 606 2165 Constitit
652 2123 722 2162 ex
766 2105 1031 2164 humeris
1077 2106 1459 2182 sonitumque
1507 2105 1716 2164 dedere
1763 2104 2000 2184 sagitte.

318 2195 473 2253 Tum
519 2195 788 2271 graviter
834 2195 1048 2254 stridet
1092 2197 1409 2273 argenteus
1460 2213 1633 2254 arcus
1681 2193 1755 2253 ab
1804 2212 1967 2253 aura.

315 2283 484 2342 Inter
529 2302 712 2359 equos
757 2283 1035 2360 interque
1081 2301 1255 2343 canes
1300 2284 1427 2342 iam
1472 2283 1596 2342 tela
1641 2286 1940 2362 vagantur

317 2372 522 2432 Litore
568 2373 633 2430 in
679 2376 941 2432 extremo
986 2373 1383 2448 Danaumque
1429 2371 1494 2430 in
1539 2390 1789 2448 corpora
1835 2374 2044 2433 soevit.

238 2482 289 2523 55
320 2461 595 2538 Quotque
644 2462 860 2521 emissa
904 2481 1088 2520 manu
1131 2460 1371 2522 morbos
1417 2464 1512 2521 tot
1556 2461 1787 2538 spicula
1830 2462 2106 2536 tendunt,

318 2550 766 2627 Precipitesque
813 2552 939 2610 alta
987 2552 1144 2611 vitas
1189 2552 1254 2609 in
1298 2553 1492 2610 morte
1537 2551 1904 2628 relinquunt.

317 2641 565 2716 Iamque
612 2640 965 2700 catervatim
1012 2639 1227 2699 defleta
1274 2641 1567 2701 cadavera
1609 2641 1864 2700 flammis

320 2729 637 2788 Subiciunt
681 2729 886 2788 miseri
929 2730 1095 2806 turpi
1139 2729 1446 2790 fluitantia
1490 2730 1649 2790 tabo.

320 2813 507 2898 [Ante
555 2819 756 2879 oculos
803 2822 1067 2879 struxere
1112 2813 1306 2898 piras]

370 3019 580 3075 Liber
621 3019 885 3089 primus
929 3019 1213 3075 Homeri
1254 3022 1499 3090 poetae
1547 3019 1766 3075 divini
1808 3033 1935 3089 per
1978 3020 2301 3076 carolum

694 3126 1097 3182 Arretinum
1139 3127 1215 3181 in
1256 3126 1556 3181 latinum
1596 3127 1979 3182 traductus.

318 3248 492 3307 Nunc
537 3247 692 3306 iram
738 3245 1033 3306 Aeacidae
1078 3248 1315 3306 tristem
1360 3247 1754 3322 miseramque
1801 3248 2068 3305 futuram

319 3337 479 3396 Diva
525 3355 671 3396 cane
718 3339 780 3395 et
824 3339 1082 3412 quantos
1130 3335 1303 3395 Grais
1351 3335 1516 3394 dedit
1558 3335 1662 3394 ille
1709 3335 1942 3395 dolores

463 3476 533 3525 40
572 3470 786 3525 abortia
812 3473 832 3541 ΙΙ
858 3489 908 3526 v.
940 3476 1007 3524 59
1044 3470 1196 3525 linea
1231 3471 1469 3526 inducta
1506 3469 1725 3525 deletus
1762 3472 1864 3525 est.

463 3542 610 3596 Bibl.
641 3542 1024 3612 Leopoldinae
1060 3542 1473 3597 Laurentianae
1512 3541 1868 3596 Strozzianae
1906 3542 2026 3598 cod.
2070 3547 2191 3596 100.
