2650 3925
391 220 644 276 ORATII
678 219 972 275 ROMANI
1006 222 1107 276 AD
1144 220 1331 276 PIVM
1364 221 1419 276 H
1453 218 1996 276 EPIGRAMMATA

155 393 184 435 s
208 373 320 434 Ille
363 377 600 452 patrem
643 375 849 450 rapuit
892 373 1205 449 medioque
1251 393 1322 433 ex
1365 376 1508 452 igne
1551 376 1828 451 penates,

298 463 394 522 Tu
437 465 700 540 patriam
744 461 941 523 medio
989 462 1062 522 de
1106 463 1460 542 Flegetonte
1503 466 1685 540 rapis.

208 552 319 613 me
366 555 490 612 suis
533 555 775 629 raptam
819 552 1095 612 Troianis
1139 552 1405 612 reddidit
1449 552 1676 628 urbem,

299 642 392 701 Tu
437 641 619 701 decus
663 642 729 699 in
773 643 1036 717 patriam
1081 642 1428 717 pontificale
1471 643 1675 701 refers.

208 731 383 791 Nunc
429 730 602 791 Pius:
646 730 843 789 Eneas
890 730 1038 790 olim
1081 730 1244 792 Iovis
1292 732 1453 792 atria
1495 731 1711 808 pandis

132 841 185 882 ιο
297 820 380 879 Et
425 820 656 880 caelum
702 821 861 880 votis
908 819 1174 879 creditur
1216 839 1391 880 omne
1437 822 1577 881 tuis.

1205 1001 1242 1059 2

213 1104 359 1165 Sum
403 1104 546 1166 Pius
594 1107 842 1166 antistes
888 1105 1042 1165 nulli
1086 1107 1314 1182 pietate
1361 1104 1669 1167 secundus.

298 1194 437 1255 Non
483 1196 726 1254 fortuna
770 1194 907 1269 fuit,
954 1194 1059 1256 sed
1102 1196 1352 1272 pietatis
1400 1213 1566 1273 opus,

1206 1375 1262 1433 3.

210 1479 308 1540 Sis
355 1480 503 1539 Pius
550 1482 613 1539 et
656 1499 828 1541 casus
870 1480 1098 1540 releves
1143 1483 1319 1557 pater
1366 1482 1591 1557 optime
1636 1481 1892 1553 nostros,

300 1568 610 1646 Temporis
658 1571 902 1648 angusti
944 1589 1087 1629 nam
1129 1571 1470 1630 meminisse
1515 1571 1686 1646 pium
1732 1571 1836 1628 est.

212 1658 461 1733 Semper
504 1658 581 1717 ad
625 1658 900 1718 Eneedas
945 1659 1184 1735 placido
1230 1661 1605 1718 sanctissime
1650 1658 1825 1717 vultu

301 1748 553 1823 Respice
598 1747 901 1808 Romanos
948 1751 1009 1808 et
1052 1752 1258 1808 tueare
1302 1751 1460 1807 tuos.

152 1856 182 1897 ⁶
213 1835 507 1896 Succedat
550 1837 789 1913 populis
834 1856 943 1913 per
985 1839 1048 1896 te
1091 1856 1213 1896 non
1256 1837 1435 1897 irrita.
1478 1837 1611 1897 voti

302 1924 516 1986 Gratia.
559 1944 668 1986 nec
713 1928 908 2004 pietas
955 1926 1189 1987 desinat
1235 1944 1362 1988 esse
1406 1926 1543 2004 piis,

210 2014 307 2075 Sis
354 2015 499 2075 Pius
544 2015 610 2074 in
655 2016 821 2076 caelo
868 2020 1244 2095 cognataque
1291 2016 1489 2076 sidera.
1533 2017 1758 2091 vincae,

300 2104 384 2164 Et
427 2104 608 2164 finem
651 2106 846 2182 pietas
891 2108 1174 2183 protegat
1216 2123 1407 2181 usque
1454 2108 1642 2164 tuum.

1205 2285 1264 2343 4.

211 2386 363 2447 Sum
410 2388 556 2448 Pius
606 2392 856 2450 antistes
902 2392 1058 2451 nulli
1100 2392 1329 2467 pietate
1376 2389 1697 2450 secundus:

304 2476 402 2537 Sic
447 2479 642 2554 pietas
687 2478 865 2538 finem
911 2482 1193 2559 proteget
1237 2480 1373 2556 ipsa
1416 2497 1632 2538 meum.

208 2763 491 2823 Instituit
535 2782 671 2823 cum
715 2766 777 2824 te
822 2766 1017 2841 pietas
1064 2764 1271 2826 divine.
1314 2766 1647 2840 parentem,

305 2851 658 2912 Consultum
703 2854 900 2914 voluit
942 2854 1230 2931 temporis
1277 2873 1406 2914 esse
1450 2854 1645 2914 malis.

211 2938 498 3002 Officium
542 2942 790 3019 pietatis
836 2961 1010 3021 opem
1055 2942 1413 3004 mortalibus
1460 2950 1522 3003 et
1566 2961 1736 3020 spem

304 3030 563 3091 Exhibet
608 3034 668 3091 et
712 3033 938 3092 frustra.
982 3052 1103 3093 non
1149 3031 1295 3092 sinit
1341 3051 1469 3092 esse
1512 3050 1734 3110 preces.

151 3142 180 3184 s
210 3120 332 3180 Ina
378 3120 556 3180 deum
601 3121 766 3180 caelo
812 3122 1220 3182 miserandum
1266 3121 1440 3181 duxit
1483 3121 1548 3181 in
1594 3121 1798 3182 orbem

302 3208 550 3268 Mortali
593 3212 823 3288 passim
869 3211 1214 3272 condicione
1259 3211 1402 3270 frui.

210 3295 263 3359 O
311 3298 507 3372 decus,
554 3318 590 3359 o
635 3298 851 3375 pietas,
897 3320 932 3361 o
978 3302 1082 3359 lux
1128 3305 1190 3360 et
1234 3301 1450 3380 gloria,
1494 3299 1641 3359 fecit

304 3388 388 3445 Te
434 3390 631 3463 pietas
677 3390 861 3464 nasci,
905 3391 966 3448 te
1010 3391 1272 3450 voluisse
1317 3390 1491 3448 mori.

360 3598 457 3661 1‚5
492 3593 680 3649 medio
718 3610 787 3649 ex
823 3594 975 3650 codd.
1006 3598 1025 3665 ΙΙ
1053 3601 1103 3663 3,
1125 3609 1148 3650 ⁷
1188 3594 1280 3650 Sic
1317 3594 1472 3650 codd.
1500 3595 1520 3664 ΙΙ
1548 3598 1644 3662 5‚s
1679 3593 1868 3663 pietas
1910 3595 1966 3648 A

2159 217 2248 283 43
