2650 3925
550 226 648 280 DE
687 224 1235 281 CONIVRATIONE
1273 224 1644 280 PORGARIA
1680 224 2043 279 DIALOGVS
2228 225 2309 289 61

277 380 584 454 receptare
630 396 741 452 me,
787 379 1154 436 revertentes
1199 377 1419 436 ibimus
1467 376 1704 436 domum
1763 376 1981 436 sororis
2037 393 2202 434 meae
2249 376 2314 433 in

278 468 522 545 regione
566 466 884 525 Arenulae.
975 467 1066 524 Ex
1120 466 1405 525 mandato
1460 468 1834 542 superiorum
1888 470 2009 524 tres
2064 483 2316 524 merres-

280 556 516 616 chalchi
559 556 835 630 Romani,
881 575 1036 615 unus
1083 556 1268 615 etiam
1324 557 1619 615 senatoris
1670 557 1904 614 iuvenis
1958 554 2133 613 fortis
2181 572 2316 613 cum

281 645 455 705 sociis
501 646 648 704 hora
703 648 917 705 octava
981 646 1173 704 noctis
1236 645 1481 704 iverunt
1544 644 1786 704 domum
1825 643 2037 703 'dictae
2097 644 2316 702 sororis

226 755 252 795 5
282 737 343 794 et
388 734 756 794 circumdata
801 733 976 793 domo
1024 753 1060 792 a
1107 734 1282 793 sociis
1329 733 1784 793 merreschalchi
1830 752 1969 793 cum
2014 732 2315 809 aliquibus

280 824 456 884 sociis
503 823 745 882 domum
789 823 1106 881 intrarunt.
1201 822 1539 898 Stephanus
1575 825 1642 881 in
1676 823 1831 882 lecto
1876 824 2094 896 iacens,
2137 823 2316 881 vesti·

280 915 379 972 tus
442 915 664 987 tamen,
728 912 974 972 audiens
1037 914 1186 971 istos
1233 930 1294 971 se
1358 911 1503 971 fecit
1563 911 1791 971 includi
1843 912 1909 971 in
1970 929 2151 986 capsa
2195 929 2317 969 una

283 1001 502 1062 sororis
547 1003 607 1060 et
662 1020 840 1078 super
895 1019 1076 1077 capsa
1120 1001 1254 1077 ipsa
1315 1001 1525 1060 sedens
1574 1019 1637 1061 se
1698 1002 1903 1077 posuit
1965 1019 2134 1059 soror
2179 1018 2314 1059 cum

283 1091 477 1150 altera
520 1091 783 1149 muliere.
879 1090 1233 1160 Quaeritant
1279 1109 1483 1151 omnes
1528 1092 1729 1165 partes
1781 1090 2018 1164 domus,
2072 1088 2318 1148 coffinos

203 1201 256 1241 ιο
282 1180 526 1239 tandem
574 1183 634 1238 et
680 1199 924 1256 capsam
966 1180 1138 1238 illam
1174 1182 1236 1237 et
1270 1179 1361 1237 ita
1404 1181 1708 1255 repertum
1753 1181 2038 1254 ceperunt
2066 1177 2316 1253 Stepha-

282 1289 426 1328 num
473 1272 534 1327 et
580 1268 656 1327 ad
700 1268 1003 1345 palacium
1048 1287 1242 1345 papae
1280 1268 1446 1344 apud
1490 1271 1763 1328 sanctum
1796 1268 2043 1327 Petrum
2078 1268 2144 1327 vi
2180 1285 2315 1325 con-

285 1358 595 1417 duxerunt.
703 1357 936 1417 Ibidem
1017 1358 1390 1416 examinatus
1473 1357 1776 1416 confessus
1858 1359 1976 1431 est,
2060 1356 2320 1432 qualiter

285 1447 664 1523 disposuerat
727 1465 907 1522 quam
978 1447 1208 1522 plureS,
1281 1448 1390 1522 qui
1417 1457 1422 1460 '
1451 1465 1699 1522 papam,
1764 1447 1870 1522 qui
1933 1446 2317 1505 descensurus

286 1539 417 1596 erat
459 1538 526 1594 in
569 1537 883 1595 basilicam
928 1537 1122 1595 sancti
1157 1535 1323 1594 Petri
1361 1534 1438 1594 ad
1481 1535 1727 1594 missam
1763 1535 1828 1593 in
1870 1534 1965 1593 die
2002 1533 2319 1610 Epyfanie,

207 1646 258 1687 15
288 1644 440 1701 quae
477 1625 596 1684 fuit
630 1625 756 1684 dies
803 1624 1063 1684 secunda
1106 1627 1245 1701 post
1288 1623 1720 1685 revelationem
1764 1624 2063 1697 factionis,
2108 1641 2317 1699 capere

284 1713 760 1791 praesumebant,
825 1714 902 1773 ad
965 1713 1321 1789 capiendum
1367 1733 1499 1772 eum
1547 1717 1610 1772 et
1670 1732 1851 1788 quam
1911 1714 2113 1789 plures
2169 1712 2319 1772 alios

287 1803 363 1863 ad
409 1803 615 1862 eadem
657 1803 809 1862 hora
854 1801 1220 1879 Capitolium
1267 1802 1638 1879 capiendum.
1729 1802 1820 1861 Ac
1855 1804 2151 1861 statuerat
2185 1801 2319 1861 sub-

286 1894 602 1969 sequenter
660 1892 943 1967 occidere,
1002 1911 1229 1969 rapere,
1287 1895 1360 1952 ut
1412 1910 1593 1968 supra
1654 1891 1793 1949 dixi.
1886 1890 2113 1950 Deinde
2162 1891 2319 1950 circa

287 2001 565 2042 auroram
619 1982 739 2042 diei
792 1982 1005 2042 ductus
1058 1983 1177 2041 fuit
1221 1984 1285 2040 in
1351 1985 1615 2041 castrum
1678 1982 1871 2040 sancti
1914 1980 2153 2057 Angeli,
2214 1979 2321 2038 ubi

207 2095 260 2135 πο
288 2072 458 2131 stetit
502 2092 609 2148 per
652 2075 775 2131 tres
823 2071 949 2130 dies
1012 2089 1198 2147 usque
1252 2070 1448 2146 hodie,
1512 2090 1628 2146 quo
1672 2069 1896 2129 ibidem
1953 2070 2187 2144 pendet,
2250 2072 2322 2127 ut

286 2160 471 2221 vides.

420 2250 490 2309 B.
565 2248 790 2310 Audivi
828 2268 863 2307 a
898 2253 963 2308 te
998 2250 1154 2309 hanc
1173 2245 1314 2308 'rem
1361 2250 1600 2324 seriose,
1644 2268 1714 2308 ex
1753 2267 1873 2323 qua
1918 2247 2096 2306 deum
2140 2247 2319 2305 mira-

287 2338 494 2397 biliter
521 2341 834 2414 operatum
862 2356 989 2398 esse
1023 2356 1329 2416 cognosco.
1420 2338 1683 2396 Maxima
1719 2337 1973 2397 caecitas
2003 2336 2320 2412 Stephani:

289 2427 376 2486 ire
422 2426 662 2486 volebat
707 2428 771 2485 in
816 2429 1176 2503 potestatem
1220 2427 1404 2486 unius
1451 2447 1520 2486 ex
1565 2425 2091 2503 principalioribus
2138 2444 2322 2484 mem-

208 2537 260 2578 2⁶
289 2515 413 2575 bris
477 2515 634 2576 sedis
699 2516 1080 2591 apostolicae,
1145 2535 1327 2592 quam
1390 2515 1873 2592 persequebatur.
1965 2515 2123 2584 Quos
2176 2514 2320 2573 deus

289 2604 434 2679 odit,
478 2604 601 2664 illis
658 2604 857 2663 aufert
907 2605 1298 2664 intellectum.
1392 2603 1537 2664 Odit
1590 2608 1792 2664 autem
1843 2604 2062 2679 impios
2116 2621 2318 2680 pecca-

287 2697 466 2753 tores,
557 2692 864 2763 Quomodo
910 2695 1114 2752 autem
1156 2693 1335 2754 homo
1381 2693 1574 2772 magis
1615 2712 1861 2770 peccare
1901 2695 2104 2768 potest
2141 2711 2323 2768 quam

288 2803 423 2845 cum
488 2783 812 2843 offenderet
873 2783 1164 2843 vicarium
1210 2782 1451 2857 Christi,
1517 2783 1621 2858 qui
1666 2787 1758 2842 est
1805 2780 2005 2858 papa?
2070 2781 2321 2840 Dixisti:

289 2875 395 2950 qui
439 2871 854 2950 magnanimus
901 2891 1019 2931 non
1066 2874 1379 2931 contentus
1426 2873 1649 2932 civium
1706 2871 2049 2931 condicione
2098 2871 2173 2929 ad
2217 2869 2322 2929 do-

207 2983 262 3024 ³0
287 2963 542 3021 minium
612 2961 839 3020 Romae
913 2960 1228 3022 ambiebat.
1329 2959 1508 3036 Vide,
1582 2961 1879 3038 quomodo
1952 2960 2095 3019 deus
2166 2960 2321 3019 hanc

289 3051 846 3129 magnanimitatem
887 3082 977 3092 —
1017 3052 1287 3126 quamvis
1327 3049 1665 3127 Stephanus
1711 3050 2128 3127 magnanimus
2173 3069 2321 3106 nun-

435 3246 466 3293 2
504 3239 588 3292 Ex
626 3237 1044 3321 mand..itaque
1088 3238 1393 3320 superioris
1431 3237 1505 3292 K.
1596 3236 1913 3292 marescalli
1951 3237 2029 3303 K,
2081 3243 2147 3291 ut
2187 3253 2321 3319 semj

285 3310 777 3451 {ffglspfffflm
802 3310 1194 3450 Zgssssurssitffkl
1228 3315 1275 3450 „⁸
1294 3308 1830 3449 1¹f⁸3.1⁰121323m¹‘·1‹!¹
1866 3314 1908 3450 „⁹
1933 3324 2011 3432 1⁰25?
2014 3308 2322 3434 Ηᾶῗεοζξῐιὲὲ

292 3454 435 3508 deest
463 3455 537 3508 Κ.
565 3455 585 3522 ΙΙ
614 3459 680 3506 13
709 3469 919 3521 papam
947 3452 1340 3506 descensurum
1366 3452 1439 3504 K.
1468 3454 1487 3521 ΙΙ
1517 3457 1581 3504 17
1602 3451 1677 3505 Et
1709 3453 1841 3505 stat.
1865 3451 1939 3505 K.
1968 3453 1988 3520 ΙΙ
2018 3455 2084 3505 18
2103 3450 2322 3504 Deinde

294 3523 611 3593 Stephanus
651 3524 724 3578 K.
771 3526 789 3593 ΙΙ
835 3528 904 3577 20
941 3539 1244 3592 suspensus
1280 3522 1493 3591 pendet
1528 3522 1604 3576 K.
1650 3524 1670 3592 ΙΙ
1715 3527 1788 3575 23·
1823 3521 2040 3576 Cecitas
2076 3521 2322 3575 maxima

295 3595 369 3650 K.
397 3598 416 3665 ΙΙ
445 3601 508 3649 27
550 3610 721 3663 quam
758 3593 1037 3649 offendere
1075 3595 1150 3648 K.
1179 3596 1197 3664 ΙΙ
1227 3600 1291 3646 31
1333 3609 1504 3662 quam
1542 3593 1733 3662 Steph.
1773 3594 1848 3649 K.
