2650 3925
540 208 638 263 DE
677 207 1227 264 CONIVRATIONE
1261 207 1633 263 POROARIA
1667 208 2030 264 DIALOGVS
2219 211 2308 276 63

275 364 337 421 et
379 361 585 438 palam
630 361 980 440 aggreditur
1024 363 1087 420 et
1130 362 1236 435 qui
1280 380 1402 419 non
1447 361 1605 439 gerit
1651 360 2008 436 conflictum,
2054 363 2174 421 nisi
2216 364 2307 420 in·

275 451 492 509 dixer-it
532 443 703 531 (nam
746 450 988 510 fraudes
1025 453 1088 509 et
1131 450 1298 509 dolos
1344 449 1705 510 imbecillem
1749 450 1922 510 decet
1963 443 2208 532 habere)
2248 455 2310 511 et

276 541 380 615 qui
423 540 690 616 pericula
725 559 846 599 non
889 541 1122 616 appetit
1156 542 1230 597 nt
1272 538 1642 599 temerarius,
1735 538 1856 598 Sed
1896 540 2309 617 praesumptio

273 630 593 688 temeraria
666 630 758 688 est
827 630 964 688 ista.
1069 628 1346 704 Namque
1419 630 1534 687 etsi
1607 627 1945 704 Stephanus
2016 630 2309 706 populum

222 740 247 780 ⁵
274 720 534 778 levasset
578 720 640 777 et
697 719 1014 793 rapuisset,
1060 721 1131 776 ut
1190 718 1548 793 praefertur,
1610 719 1813 777 tamen
1867 737 1989 778 non
2054 721 2312 796 cepisset

275 827 573 868 summum
617 806 979 883 pontificem,
1025 806 1169 883 quia
1204 806 1538 867 invisibiles
1565 817 1686 866 non
1720 808 1974 867 ivissent
2002 810 2063 866 et
2105 827 2311 867 rumor

273 896 609 957 videntium
662 896 1047 972 processisset
1088 899 1152 955 et
1205 896 1429 972 aliquis
1483 897 1670 955 etiam
1714 915 1784 955 ex
1827 897 2116 957 Romanis
2159 899 2310 973 ipsis

274 986 630 1045 festinanter
690 1003 883 1061 papae
945 987 1282 1044 nuntiasset
1346 989 1409 1045 et
1469 1004 1632 1062 papa
1685 986 1899 1064 fugere
1960 988 2201 1061 poterat
2243 988 2307 1044 in

276 1076 562 1148 castrum,
617 1073 827 1134 deinde
873 1074 951 1134 ad
994 1077 1187 1134 terras
1242 1074 1523 1134 ecclesiae
1576 1076 1805 1135 vicinas
1851 1094 1914 1134 se
1967 1076 2310 1150 transferre,

195 1186 250 1227 ιο
275 1164 484 1239 postea
544 1167 816 1239 parasset
878 1166 1202 1223 exercitum
1264 1168 1475 1223 contra
1520 1162 1907 1241 Stephanum.
2000 1164 2307 1235 Quomodo

277 1251 613 1329 Stephanus
676 1255 951 1313 resistere
1014 1251 1295 1330 poterat?
1360 1252 1591 1312 Scimus
1653 1253 1862 1312 urbem
1923 1254 2121 1313 nullas
2167 1273 2308 1329 opes

273 1342 491 1401 habere
562 1344 682 1401 nisi
741 1361 778 1401 a
851 1343 1018 1401 curia
1081 1342 1370 1401 Romana.
1460 1341 1667 1402 Unde·
1685 1373 1688 1386 =
1703 1341 1993 1403 haberent
2023 1381 2026 1386 «
2051 1344 2312 1403 Romani

274 1433 558 1508 pecunias
602 1450 713 1507 pro
770 1430 1047 1508 gentibus
1110 1429 1454 1490 armorum?
1493 1450 1669 1506 -quos
1714 1432 1942 1491 fructus
2009 1432 2308 1511 colligere,

277 1520 574 1596 quomodo
625 1522 897 1579 armenta
942 1523 1003 1579 et
1047 1539 1256 1598 greges
1301 1538 1439 1590 suos
1492 1523 1694 1580 tenere
1748 1523 1991 1597 possent
2037 1524 2309 1581 exercitu

197 1631 249 1672 ιε
279 1610 561 1668 ecclesiae
605 1609 910 1668 Romanae
956 1612 1308 1669 comitatum
1354 1609 1522 1669 mbis
1564 1610 1967 1686 pessundante
2014 1611 2075 1668 et
2129 1610 2309 1686 depo-

277 1696 570 1774 pulante?
613 1699 748 1758 Etsi
792 1698 1078 1758 Nicolaus
1122 1717 1286 1775 papa
1327 1698 1386 1756 V
1431 1705 1643 1774 captus
1688 1698 1901 1759 fuisset
1945 1701 2019 1758 et·
2064 1702 2310 1774 occisus,

275 1787 431 1846 alins
474 1788 541 1845 in
584 1806 808 1864 papam
854 1791 1195 1864 assumptus
1241 1787 1522 1847 similiter
1567 1787 1884 1863 Stephano¹
1923 1788 2150 1847 bellum
2201 1807 2307 1865 pa-

274 1878 493 1951 rasset3
564 1876 616 1936 si
678 1896 821 1937 vero
882 1877 1141 1953 populus
1202 1875 1574 1953 Stephanum
1633 1877 1930 1937 offendere
1992 1897 2309 1953 personam

273 1984 468 2042 papae
514 1967 679 2043 capti
723 1968 1115 2042 permisisset,
1162 1967 1484 2027 veniebant
1535 1986 1714 2043 super
1765 1968 2057 2044 populum
2110 1968 2309 2044 ipsum

194 2080 248 2120 ιο
273 2055 722 2115 maledictiones
789 2056 1037 2132 psalmi:
1107 2055 1349 2116 laudem
1420 2076 1626 2115 meam¹
1679 2076 1753 2115 ne
1824 2058 2101 2133 tacueris,
2165 2059 2311 2133 quia

275 2145 571 2205 offendere
627 2148 689 2204 et
752 2145 1017 2204 occidere
1079 2164 1320 2222 papam,
1373 2147 1491 2220 qui
1551 2148 1925 2221 representat
1988 2145 2308 2222 Christum,

276 2236 430 2293 esset
473 2235 694 2293 iterum
728 2234 794 2292 in
838 2253 1095 2310 persona
1137 2253 1334 2311 papae
1376 2234 1675 2294 offendere
1721 2236 1782 2293 et
1826 2235 2093 2294 occidere
2142 2234 2307 2294 chri-

276 2325 452 2381 stum.
546 2322 733 2383 Credo
787 2327 1009 2398 tamen,
1040 2324 1224 2399 -quod
1286 2325 1543 2382 maiores
1604 2324 1814 2401 populi
1880 2324 2019 2383 huic
2076 2324 2311 2383 feritati

274 2429 395 2469 non
441 2413 857 2487 assensissent,
904 2415 1192 2488 quinymo
1237 2414 1408 2488 quia=
1447 2411 1756 2492 dedignati
1810 2415 2008 2472 essent
2069 2412 2310 2473 subesse

195 2521 248 2563 25
277 2498 600 2575 Stephano,
645 2503 707 2559 et
741 2505 988 2578 propter
1032 2502 1208 2560 damn
1216 2508 1272 2577 a,
1317 2519 1469 2578 quae
1513 2506 1658 2561 tunc
1702 2520 1980 2578 passuros
2018 2521 2080 2562 se
2126 2502 2308 2562 vidis-

276 2592 427 2663 sent,
472 2589 549 2648 ad
594 2589 905 2649 ecclesiam
949 2591 1282 2650 Romanam
1327 2592 1642 2650 confestim
1696 2590 2011 2651 rediissent
2056 2591 2308 2667 Stepha-

273 2696 503 2754 nusque
550 2678 788 2737 demum
845 2679 943 2740 vel
989 2679 1054 2739 vi
1096 2678 1240 2741 belli
1287 2699 1338 2759 a*
1382 2699 1543 2756 papa
1601 2680 1753 2739 moti
1796 2680 1894 2750 vel
1950 2680 2224 2740 rehabita
2272 2700 2310 2739 a

419 2872 452 2919 2
492 2866 650 2921 dolos
705 2866 891 2921 facere
943 2866 1246 2923 imbecillis
1283 2870 1371 2923 est
1406 2869 1484 2922 K.
1539 2870 1558 2936 ΙΙ
1611 2872 1646 2920 4
1682 2870 1804 2922 erat
1839 2868 1953 2922 ista
1991 2868 2067 2921 K.
2157 2867 2310 2921 Nam

276 2937 352 2992 K.
380 2940 400 3007 ΙΙ
436 2936 533 2991 eff.
572 2937 883 2992 invisibiles
913 2970 982 2978 —
1019 2957 1134 3009 pap
1094 2954 1173 3008 pa
1206 2940 1406 2994 desunt
1450 2939 1527 3006 K,
1573 2940 1672 2993 ubi
1707 2941 1934 3010 leyttur:
1995 2937 2133 3007 quia
2184 2939 2310 3008 ipse

275 3009 511 3064 audiens
560 3009 761 3079 populi
820 3010 1068 3064 furorem
1120 3010 1316 3080 fugere
1372 3013 1597 3080 poterat
1648 3010 1711 3064 in
1766 3013 2011 3067 castrum
2065 3010 2154 3064 vel
2207 3027 2312 3080 per

273 3080 498 3134 vineam
530 3097 692 3134 suam
729 3083 788 3135 et
823 3081 899 3134 ad
934 3083 1116 3136 terras
1167 3081 1404 3136 ecclesie
1450 3096 1511 3136 se
1564 3081 1869 3137 transferre
1922 3085 1942 3151 11
1998 3087 2065 3135 10
2104 3081 2311 3136 deinde

272 3154 530 3222 parasset
565 3152 640 3206 K.
687 3155 706 3221 ΙΙ
751 3152 1009 3218 Qualiter
1044 3154 1121 3208 K.
1166 3157 1186 3222 ΙΙ
1233 3159 1299 3207 13
1339 3153 1619 3221 quomodo
1655 3153 1821 3207 fruct.
1860 3154 1936 3208 K.
1983 3156 2002 3222 ΙΙ
2049 3159 2117 3207 14
2154 3169 2310 3207 exer-

276 3223 395 3277 citu
441 3225 586 3277 deest
622 3224 693 3278 K.
734 3230 752 3288 ΙΙ
796 3229 863 3277 16
901 3224 1025 3278 Etsi
1069 3240 1223 3294 papa
1261 3227 1462 3294 captus
1501 3225 1576 3279 K.
1621 3226 1640 3293 ΙΙ
1689 3230 1752 3278 19
1794 3242 1897 3294 cap
1899 3225 1946 3277 ti
1997 3225 2141 3280 deest
2179 3226 2252 3278 K.
2288 3224 2310 3297 ΙΙ

275 3294 551 3364 populum
598 3296 743 3349 deest
778 3295 854 3349 K.
909 3298 928 3365 ΙΙ
983 3301 1052 3349 20
1088 3296 1230 3365 psal.
1264 3298 1334 3351 V.
1402 3296 1539 3351 deus
1588 3295 1819 3350 laudem
1853 3313 1928 3350 m.
1967 3297 2044 3351 K.
2110 3295 2180 3350 cf.
2217 3296 2307 3349 Ps.

278 3369 468 3429 108,1.
515 3368 535 3435 ΙΙ
579 3372 644 3419 21
688 3365 943 3421 occidere
980 3367 1071 3422 vel
1122 3366 1406 3422 offendere
1443 3367 1520 3421 K.
1566 3370 1585 3436 ΙΙ
1630 3373 1699 3421 22
1738 3369 1887 3421 esset
1922 3367 2180 3422 occidere
2216 3367 2308 3420 vel

277 3406 561 3492 offehdere
596 3437 657 3491 in
693 3454 934 3507 persona
967 3454 1118 3507 pape
1155 3438 1477 3507 nuperrime
1514 3438 1758 3492 Cristum
1795 3440 1870 3493 K.
1899 3440 2016 3507 1124
2053 3437 2307 3505 quinimo

275 3508 429 3576 quod
466 3508 841 3577 dedignantes
879 3509 1111 3564 subesse
1145 3510 1221 3563 K.
1264 3512 1283 3579 ΙΙ
1326 3515 1396 3563 26
1434 3513 1559 3563 tum
1596 3510 1769 3564 etiam
1813 3512 2047 3610 propter
2083 3510 2308 3626 damna,

277 3596 390 3649 que
426 3595 486 3633 se
522 3582 659 3633 tunc
696 3598 844 3649 pass.
883 3580 994 3634 vid.
1035 3582 1111 3635 K.
1139 3583 1159 3650 ΙΙ
1188 3587 1254 3634 26
1294 3580 1614 3650 Stephanus
1653 3582 1729 3636 K.
