2650 3925
1085 222 1500 279 PRAEFATIO
2181 223 2313 277 XIII

269 375 560 435 dedicatis
623 376 926 435 rarissime
990 376 1344 433 moveretur.
1437 375 1570 446 Qua
1623 393 1727 452 spe
1783 374 1860 434 ad
1924 376 2165 433 irritum
2217 393 2310 432 re-

270 465 452 524 dacta
515 485 661 523 num
724 464 1015 523 adductus
1081 465 1164 523 sit
1206 462 1517 540 Horatius,
1581 468 1651 523 ut
1713 462 1993 541 gloriam·
2032 463 2311 522 bellicam

274 553 651 632 Sigismundi
739 552 1094 612 Malatestae
1186 552 1476 630 principis
1567 552 1963 613 Ariminensis
2053 552 2312 611 hominis

271 661 466 719 papae
536 643 912 703 infestissimi
971 640 1240 701 versibus
1308 642 1660 718 celebraret,
1726 642 1847 700 dici
1909 661 2029 701 non
2090 644 2310 717 potest.

271 731 447 801 Quod
492 750 626 791 eum
673 732 882 791 fecisse
928 749 960 789 e
1005 731 1267 790 carmine
1325 733 1539 807 poetae
1587 730 1897 791 cuiusdam
1941 732 2012 789 ut
2072 729 2313 790 videtur

272 821 531 880 Romani
593 838 749 879 anno
821 820 990 879 1467
1059 820 1133 878 ad
1187 819 1574 879 Malatestam
1637 822 1820 879 misso
1885 820 2312 897 cognoscimus,

273 929 345 968 ex
393 927 510 985 quo
546 908 869 968 Horatium
914 909 1096 985 paulo
1144 912 1283 968 ante
1329 911 1645 985 repentina
1688 912 1880 968 morte
1927 908 2312 985 absumptum

272 1018 402 1059 esse
458 998 728 1057 efficitur.
822 997 1004 1057 Cuius
1068 999 1351 1059 carminis
1415 998 1491 1057 ab
1557 998 1829 1076 Eugenio
1892 997 2100 1056 Miintz
2166 999 2313 1057 editi

269 1106 478 1147 versus
525 1090 665 1147 sunt
708 1079 864 1167 hi¹):
978 1157 981 1160 ¹

452 1211 591 1270 Non
637 1228 735 1287 eqo
780 1217 834 1270 te
880 1213 1134 1271 altisona
1167 1214 1450 1285 princeps
1494 1212 1832 1271 celebrande
1880 1210 2174 1271 Camoena

550 1300 812 1361 Cantabo
859 1303 1213 1375 armipotens
1257 1303 1540 1373 inferiore
1585 1301 1734 1360 lira:

456 1390 646 1464 Quam
691 1395 795 1449 tua
840 1391 1047 1449 dcoetra
1081 1393 1291 1463 potens
1338 1390 1481 1448 bello
1527 1392 1620 1459 sit,
1667 1390 1960 1448 Horatius
2007 1390 2124 1450 edit

541 1479 857 1553 Praecipiti
901 1479 1099 1538 celeris
1144 1479 1346 1538 limine
1388 1481 1592 1538 mortis
1636 1481 1823 1552 inops.

415 1603 531 1663 Sed
577 1603 888 1663 redeamus
935 1602 1011 1661 ad
1058 1605 1326 1662 carmina
1353 1603 1479 1672 illa,
1528 1622 1680 1679 quae
1710 1602 1784 1663 ad
1812 1603 1989 1662 Pium
2015 1602 2078 1662 II
2117 1605 2313 1680 ponti·

274 1693 445 1752 ficem
493 1693 822 1752 destinavit
861 1691 1167 1751 Horatius,
1256 1692 1659 1752 Inveniuntur
1700 1694 1767 1752 in
1813 1710 2057 1768 corpore
2103 1692 2314 1751 carmi·

277 1802 420 1841 num
467 1800 504 1840 a
565 1780 837 1857 pluribus
898 1781 1092 1857 poetis
1145 1783 1211 1839 in
1273 1782 1515 1841 laudem
1559 1781 1656 1841 Pii
1699 1781 1762 1840 H
1825 1782 2315 1857 conscriptorum,

276 1873 444 1930 cuius
492 1872 756 1946 corporis
802 1870 919 1929 duo
964 1870 1116 1929 mihi
1158 1870 1552 1931 innotuerunt
1596 1871 1850 1931 codices:

424 1984 478 2038 1.
531 1977 669 2039 Ood.
707 1977 825 2036 XII
878 1977 1272 2038 bibliothecae
1339 1978 1644 2054 quondam
1705 1979 2147 2054 Rossettianae,
2213 1980 2319 2053 qui

280 2087 446 2128 nunc
509 2070 575 2126 in
638 2066 999 2126 bibliotheca
1060 2067 1413 2144 municipali
1476 2067 1907 2144 Tergestina
1977 2070 2319 2127 asservatur

283 2149 427 2238 (Ms.
463 2156 599 2216 XII.
638 2156 763 2215 Sez.
794 2148 918 2236 2⁸):
965 2157 1465 2232 Epaeneticorum
1511 2156 1590 2215 ad
1633 2156 1812 2215 Pium
1847 2156 1912 2215 H
1955 2156 2096 2215 libri
2143 2158 2317 2231 quat·

280 2249 439 2306 tuor.
532 2244 812 2305 Continet
845 2248 923 2304 77
973 2246 1240 2304 carmina
1285 2246 1586 2305 orationes
1634 2246 1921 2322 epistulas
1950 2247 2032 2303 27
2082 2247 2320 2304 circiter

279 2337 664 2412 scriptorum,
712 2353 964 2410 quorum
1007 2333 1278 2393 tabulam
1322 2335 1590 2394 invenies
1634 2337 1700 2394 in
1745 2334 1899 2394 libro
1946 2336 2052 2410 qui
2108 2335 2318 2393 inscri-

276 2424 470 2483 bitur:
543 2424 616 2483 In
679 2442 860 2483 onore
924 2443 955 2482 e
1017 2423 1308 2483 memoria
1371 2424 1469 2482 dei
1530 2426 1623 2482 tre
1686 2423 1922 2484 vescovi
1980 2423 2042 2482 di
2088 2423 2317 2482 Trieste

281 2515 453 2572 Enea
499 2512 688 2572 Silvio
736 2512 830 2571 dei
876 2512 1283 2587 Piccolomini,
1329 2512 1573 2573 Andrea
1618 2512 1714 2571 dei
1758 2513 2012 2588 Rapicii,
2057 2512 2315 2571 Rinaldo

280 2601 630 2677 Scarlichio‚
677 2602 907 2660 Trieste
958 2602 1148 2676 1862,
1194 2621 1252 2677 p.
1292 2604 1394 2661 20.
1487 2601 1603 2672 Qui
1648 2601 1831 2661 codex
1867 2620 2006 2661 cum
2041 2600 2172 2659 fieri
2196 2620 2319 2660 non

278 2693 487 2768 posset
540 2693 610 2750 ut
670 2691 823 2750 mihi
883 2691 1409 2765 transmitteretur,
1472 2690 1726 2750 Ioannes
1772 2690 2009 2750 Vahlen
2054 2693 2151 2749 vir
2197 2690 2314 2749 cla-

274 2783 550 2840 rissimus
599 2799 720 2855 qua
765 2781 857 2839 est
886 2779 1264 2839 humanitate
1300 2782 1632 2839 carminum
1658 2779 2128 2839 Horatianorum
2174 2798 2316 2856 apo-

276 2869 580 2949 graphum
636 2868 712 2928 ab
773 2866 995 2930 Ottone
1039 2868 1239 2929 Koren
1284 2869 1516 2929 factum
1559 2888 1793 2928 mecum
1837 2870 2317 2929 communicavit.

417 2977 473 3034 2.
524 2973 662 3034 Cod.
700 2975 740 3033 J
776 2975 898 3034 VII
936 2978 1064 3035 260
1114 2975 1524 3035 Bibliothecae
1573 2974 1972 3053 Ohigianae
2007 2976 2315 3035 Romanae

276 3084 458 3141 quem
520 3064 813 3124 indicavit
882 3064 1122 3139 Pastor,
1196 3063 1549 3124 Geschichte
1622 3065 1728 3125 der
1799 3064 2018 3141 Papste
2088 3063 2171 3140 11,
2212 3066 2313 3123 27.

277 3152 565 3213 Carmina
606 3153 717 3213 illa
762 3155 1052 3229 excerpsit
1109 3154 1424 3214 Eduardus
1468 3152 1632 3213 Loch
1678 3154 1908 3232 collega
1966 3172 2159 3229 meus,
2220 3155 2316 3213 cui

275 3242 392 3303 hoc
438 3261 674 3318 quoque
721 3243 852 3302 loco
916 3242 1299 3303 liberalitatis
1359 3242 1591 3303 debitas
1651 3262 1765 3321 ago
1827 3244 2070 3321 gratias.
2163 3241 2314 3301 Con-

276 3334 435 3391 tinet
482 3334 681 3392 autem
726 3331 908 3391 codex
952 3331 1159 3391 eadem
1205 3350 1276 3391 ac
1321 3332 1706 3408 Tergestinus
1743 3331 1985 3392 Horatii
2031 3334 2313 3406 carmina,

427 3521 478 3589 1)
516 3519 579 3573 E.
625 3518 882 3586 Mflntz‚
945 3518 1116 3573 Plane
1172 3520 1231 3574 et
1283 3520 1641 3574 monuments
1698 3519 1769 3572 de
1832 3519 2010 3573 Rome
2062 3519 2311 3586 antique.

276 3589 572 3661 Melanges
611 3588 673 3645 G.
713 3589 777 3646 B.
816 3590 887 3644 de
924 3590 1106 3659 Rosei‚
1143 3592 1321 3646 Rome
1362 3596 1517 3657 1892,
1554 3609 1611 3660 p.
1644 3597 1762 3646 142.
