2650 3925
336 161 425 225 24
1268 210 1272 213 «
1305 162 1369 216 ’Π

229 333 308 374 115
334 313 502 374 Arva
545 315 681 389 piis,
729 312 908 373 dubio
956 315 1135 373 simul
1181 313 1537 389 obstupuere
1582 314 1864 373 tumultu.

340 402 604 478 Quisque
652 401 728 461 ad
772 403 896 463 tela
939 421 1117 463 ruens
1167 422 1318 478 quae
1365 406 1497 461 tum
1542 402 1727 462 dabat
1770 404 2030 478 impetus
2077 420 2244 461 arma

340 491 702 568 Corripiunt,
743 495 1059 569 tamquam
1102 496 1273 552 vivos
1319 494 1451 552 fera
1492 492 1653 552 bella
1697 492 1973 570 fatigent,

333 581 583 658 Iamque
629 581 787 641 acies
833 583 1120 657 strepitus
1165 581 1443 642 incendia
1488 583 1549 641 et
1594 600 1763 640 arma
1804 583 2010 641 ruinas

336 669 496 729 Ante
542 671 745 730 oculos
789 670 1045 730 volitare
1090 673 1325 747 putant.
1421 670 1637 746 Stupet
1678 671 1871 730 inscia
1914 689 2112 729 rerum

227 778 307 819 120
335 759 539 818 Turba
585 759 818 834 ducum,
864 763 1004 819 ante
1050 761 1201 819 alios
1248 760 1366 838 qui*
1398 759 1625 835 primus
1670 759 1734 817 in
1781 758 2016 838 agmine
2061 761 2333 835 praestat

336 848 554 924 Scipi0‚
600 848 696 907 cui
739 851 943 907 tantos
990 849 1156 908 dedit
1199 848 1407 908 Africa
1451 850 1613 908 victa
1648 848 2008 923 triumphos.

333 936 672 1015 Assurgens
719 937 923 997 cubito
967 937 1301 1014 intrepidus
1348 937 1721 997 circumtulit
1763 938 2017 1013 hastam,

336 1024 448 1085 Oui
492 1030 621 1085 tum
668 1028 841 1086 nixus
888 1029 1044 1085 erat:
1090 1026 1372 1086 Nondum
1414 1029 1588 1087 vetus
1636 1027 1855 1085 excidit
1898 1027 1992 1085 ira

334 1114 536 1191 Atque
581 1117 803 1174 iterum
846 1116 1103 1175 insultat
1146 1119 1387 1176 nostrae
1434 1117 1593 1175 ferus
1638 1114 1946 1175 Hannibal
1988 1115 2127 1174 urbi

227 1223 306 1264 125
336 1203 651 1263 Excidium
695 1206 956 1264 referens
1001 1205 1240 1281 populis
1286 1204 1581 1282 Latioque
1626 1204 1864 1263 ruinam

334 1292 462 1352 Aut
505 1292 684 1353 Pauli
729 1296 869 1352 ante
917 1296 1073 1353 acies
1118 1295 1418 1372 insignem
1464 1293 1771 1370 quaeritat
1812 1293 2105 1353 umbram.

332 1382 441 1441 Ibo
488 1384 704 1441 animis
751 1385 987 1442 contra:
1032 1401 1345 1458 nunquam
1388 1384 1539 1442 mihi
1583 1383 1778 1461 gloria
1821 1384 2032 1457 maior,

332 1473 586 1531 Vincere
634 1491 817 1549 quam
861 1470 1091 1532 Poenos
1137 1471 1346 1530 urbem
1391 1471 1769 1548 patriamque
1813 1471 1989 1530 tueri.

333 1560 658 1621 Prosiliens
703 1562 926 1637 raptim
972 1580 1207 1639 gressus
1253 1580 1362 1637 per
1407 1579 1595 1636 opaca
1638 1563 1958 1620 nocentum

227 1669 307 1711 1³0
335 1651 591 1709 Tartara
635 1651 831 1710 tendit
873 1652 1007 1725 iter,
1051 1651 1280 1726 passim
1324 1649 1727 1725 circumspicit
1768 1649 2011 1746 umbras

332 1739 634 1800 Pallentes
681 1739 864 1799 Erebi
908 1739 1156 1817 Stygiae
1201 1738 1511 1814 noctisque
1556 1738 1848 1799 tenebras.

333 1829 618 1888 Dirarum
653 1829 851 1889 furias
895 1831 1136 1888 tantum
1182 1828 1523 1888 crudescere
1569 1827 1752 1888 sentit

333 1917 525 1978 Unius
571 1919 637 1976 in
681 1936 903 1994 poenas
950 1918 1326 1996 stimulisque
1373 1917 1605 1996 agitare
1651 1916 1923 1978 colubras

333 2007 759 2083 Horrescitque
804 2010 1004 2067 tuens:
1052 2007 1406 2083 „Patriaene
1450 2009 1564 2066 hac
1610 2010 1768 2067 sorte
1812 2007 2062 2068 rebelles

228 2116 305 2157 1:35
334 2095 695 2156 Plectuntur
737 2098 942 2155 miseri
989 2097 1318 2158 dominisve
1364 2096 1615 2156 infanda
1658 2094 1982 2173 parantes?

332 2186 469 2245 Heu
512 2185 630 2245 tibi
675 2185 801 2245 dire
848 2186 972 2245 deis
1019 2187 1218 2245 miles!
1263 2205 1361 2245 me
1405 2205 1500 2245 me
1545 2185 1739 2245 indice
1786 2186 1998 2245 saltem

333 2274 636 2333 Debueras
684 2293 965 2350 superum
1010 2278 1072 2333 et
1114 2274 1349 2351 patriae
1394 2294 1517 2334 non
1560 2277 1824 2334 temnere
1871 2271 2099 2334 curas.“

334 2363 488 2422 Tum
533 2366 727 2442 magis
772 2365 1069 2424 insultant
1111 2365 1324 2438 furiae,
1369 2365 1562 2442 magis
1589 2368 1783 2442 'urget
1828 2364 2070 2423 anhelas

332 2452 434 2511 Ira
480 2452 636 2514 deas.
726 2453 876 2512 Diro
921 2452 1198 2512 flectebat
1242 2453 1316 2512 ab
1365 2456 1560 2512 omine
1604 2454 1846 2512 vultum

227 2561 307 2602 140
336 2541 557 2617 Scipi0,
601 2561 743 2601 nam
787 2544 1021 2618 patriae
1065 2542 1310 2618 pietatis
1358 2543 1621 2620 imagine
1665 2544 1874 2618 raptus

335 2632 452 2690 Tot
498 2632 787 2691 scelerum
831 2649 1055 2707 poenas
1099 2632 1274 2709 longe
1319 2631 1672 2709 indignatus
1721 2631 2015 2690 abhorret.

334 2720 637 2781 Tartareis
682 2723 1000 2796 postquam
1046 2739 1283 2779 sacrum
1326 2722 1510 2797 caput
1555 2721 1774 2780 extulit
1816 2720 2063 2793 umbris,

333 2809 605 2869 Luminis
653 2812 715 2868 et
759 2810 911 2869 caeli
956 2810 1179 2868 fruitur
1222 2809 1567 2884 melioribus
1615 2811 1807 2884 aurist,

333 2897 432 2957 Ad
475 2899 778 2958 tumulum
821 2917 1025 2958 rursus
1069 2899 1355 2959 mortales
1400 2898 1599 2958 induit
1644 2902 1825 2958 artus,

228 3008 305 3049 145
334 2987 450 3046 Hic
496 2988 676 3048 simul
722 3007 859 3047 ossa
901 3006 1060 3047 nova
1105 2987 1424 3066 glomerari
1468 2988 1535 3046 in
1580 3006 1754 3048 carne
1799 2987 2053 3060 videreS,

332 3076 536 3154 Atque
581 3078 782 3154 ipsum
825 3075 1060 3152 liquida
1105 3077 1331 3153 spirare
1377 3077 1443 3136 in
1487 3095 1630 3136 voce
1677 3076 1929 3136 cadaver

334 3164 751 3242 Pallentesque
798 3166 1060 3225 animam
1108 3166 1326 3225 sensim
1372 3169 1649 3245 vegetare
1693 3185 1802 3241 per
1846 3168 2014 3225 artus

336 3254 628 3331 Coeperat
672 3258 732 3314 et
776 3257 976 3332 prisca
1018 3255 1150 3315 fieri
1193 3257 1493 3333 gravitate
1536 3255 1845 3315 verendus.

332 3345 447 3404 Ille
493 3345 812 3422 sepulcrali
855 3363 1160 3420 respersus
1205 3345 1451 3422 pulvere
1494 3348 1702 3420 pectus

480 3537 582 3587 130
619 3533 815 3588 herebi
841 3536 860 3604 ss
890 3538 990 3588 135
1028 3535 1291 3604 parentes
