2650 3925
391 218 483 284 44
1150 249 1163 266 .
1347 218 1452 273 vn

1380 370 1417 429 6

399 477 545 536 Sum
589 477 734 538 Pius
781 479 1033 537 antistes
1079 476 1235 536 nulli
1280 476 1507 553 pietate
1554 477 1862 551 secundm,

486 567 646 626 Vera
691 566 790 625 dei
833 585 969 625 mea
1013 567 1096 626 sit
1137 566 1376 645 relligio
1424 567 1486 625 et
1529 566 1740 642 pietas,

1385 746 1441 804 7.

393 852 722 927 Imperium
768 852 1160 927 quodcunque
1208 853 1300 909 est
1345 850 1622 910 fortunae
1669 853 1761 912 est
1803 850 2033 911 viribus
2076 852 2295 929 impar,

483 940 543 999 N
545 959 622 999 on
668 941 835 1000 stant
877 942 1170 1016 perpetue.
1213 941 1490 1016 tempora
1533 941 1698 999 laete.
1741 940 1875 1000 fide.

395 1029 680 1089 Mortales
725 1031 965 1088 tantum
1008 1030 1205 1105 pietas
1251 1028 1609 1090 caelestibus
1657 1032 1879 1106 aequat

486 1118 567 1178 Et
610 1119 762 1177 facit
806 1120 1051 1176 aeterna
1095 1120 1449 1194 posteritate
1495 1119 1632 1177 frui.

342 1227 366 1267 5
395 1208 543 1267 Esse
590 1207 698 1266 deo
744 1208 974 1284 pietate
1017 1226 1224 1284 parem
1269 1206 1384 1266 tibi
1427 1206 1657 1267 tradita
1701 1210 1912 1282 virtus,

484 1295 657 1366 Quod
701 1296 817 1355 tibi
863 1315 1171 1357 commune
1217 1298 1327 1370 est,
1372 1299 1538 1355 utere
1583 1315 1746 1355 more
1794 1296 1905 1357 dei.

1388 1475 1447 1533 8.

401 1581 546 1640 Sum
592 1580 736 1640 Pius
783 1580 1034 1641 antistes
1079 1580 1234 1639 nulli
1276 1582 1505 1656 pietate
1551 1579 1869 1640 secundus:

488 1670 838 1730 Pontificem
882 1669 1123 1746 populis
1169 1669 1291 1728 iam
1339 1669 1509 1729 decet
1554 1688 1682 1729 esse
1726 1671 1912 1745 pium.

1390 1849 1447 1907 9.

397 1954 559 2015 Pone
603 1958 857 2016 metum:
902 1957 1027 2015 iam
1070 1955 1264 2015 Roma
1309 1975 1465 2015 novo
1513 1954 1622 2015 sub
1667 1956 1939 2033 principe
1985 1955 2204 2035 gaude,

488 2042 697 2105 Omnis
743 2045 994 2106 odorato
1039 2045 1240 2104 luceat
1284 2045 1423 2123 igne
1471 2045 1698 2104 domus.

399 2134 561 2192 Dum
606 2133 754 2194 Pius
802 2135 998 2195 Eneas
1046 2132 1349 2210 Capitolia
1395 2134 1552 2194 celsa
1595 2133 1843 2209 fovebit,

491 2224 657 2282 Tunc
703 2226 818 2284 eris
864 2225 1119 2300 imperio
1164 2223 1380 2282 florida
1425 2222 1618 2282 Roma
1663 2225 1785 2282 tuo.

347 2330 373 2372 5
399 2311 577 2371 Nunc
623 2315 805 2389 caput
849 2313 1011 2373 orbis
1060 2314 1176 2372 eris
1220 2312 1551 2372 maioribus
1598 2314 1777 2371 aucta
1821 2312 2163 2390 triumphiS,

490 2400 626 2461 Sint
669 2401 846 2462 modo
892 2401 1165 2477 pontifici
1207 2404 1484 2476 tempora.
1527 2402 1711 2480 longa
1755 2400 1881 2461 Pio.

1347 2804 1495 2873 VII.

706 2940 981 2996 oratius
1023 2941 1377 2996 Romanus
1421 2941 1544 2996 Pio
1589 2940 1664 2996 11
1705 2944 1897 3011 pont.
1943 2955 2128 2996 max.

403 3058 674 3120 Caesaris
719 3061 1028 3140 Augustus
1075 3061 1306 3137 superis
1353 3062 1617 3121 sacravit
1660 3061 1935 3139 honoreS,

489 3149 819 3227 Postquam
863 3149 1137 3210 victrices
1183 3151 1521 3209 conticuere
1566 3148 1764 3226 tubae,

403 3238 486 3298 Et
531 3239 748 3299 cecinit
791 3239 1004 3317 dignas
1050 3239 1254 3299 divino
1302 3240 1564 3299 carmine
1608 3239 1836 3299 laudes.

489 3327 657 3386 Inter
701 3330 796 3387 tot
841 3346 1014 3388 curas
1059 3330 1129 3387 tu
1173 3328 1280 3388 Pie
1327 3348 1565 3388 carmen
1609 3328 1811 3403 habes,

548 3521 597 3657 ᾗ,
619 3530 643 3570 1
679 3531 902 3570 versum
936 3515 1092 3587 leges
1133 3517 1401 3572 metricae
1446 3515 1754 3572 violantem
1802 3516 2080 3587 corrigere
2116 3532 2227 3570 non
2268 3532 2439 3571 ausus

405 3604 531 3641 eum
603 3586 722 3641 VH.
758 3587 812 3641 A
847 3586 944 3642 fol.
975 3593 1088 3643 31⁷.
1126 3588 1173 3642 B
1209 3588 1309 3644 fol.
1341 3594 1454 3642 31&
