2650 3925
336 114 466 169 Vm
1142 114 1556 176 PRAEFATIO

337 284 582 325 causam
646 265 718 324 de
783 268 1069 341 quattuor
1131 265 1296 325 urbis
1363 264 1660 324 aetatibus
1723 265 1905 326 latius
1964 285 2032 325 ac
2095 266 2372 326 diffusius

335 354 516 416 verba
563 355 731 429 facit,
794 355 912 414 nisi
972 358 1041 414 ut
1102 358 1403 429 postremo
1458 354 1697 414 Nicolai
1750 355 2047 431 pontificis
2104 356 2368 415 domina-

335 446 561 503 tionem
606 443 1015 503 felicissimam
1072 447 1132 502 et
1177 444 1671 521 gloriosissimam
1715 444 1880 504 urbis
1941 446 2200 504 aetatem
2246 463 2370 505 esse

337 533 667 609 praedicet,
732 552 884 608 quae
942 552 1076 591 cum
1129 533 1364 609 reliqua
1409 531 1592 591 Italia
1655 535 1950 592 continuis
1997 534 2169 594 bellis
2214 535 2376 593 inter

337 621 721 690 Franciscum
768 620 1058 681 Sfortiam
1124 624 1184 681 et
1246 621 1611 681 Venetianos
1668 622 2102 699 Alfonsumque
2167 641 2367 702 regem

338 711 807 787 Neapolitanum
853 712 1002 770 ortis
1048 711 1358 789 fatigetur,
1394 730 1541 787 pace
1579 711 1816 770 fruatur
1843 714 1903 770 et
1929 712 2372 788 tranquillitate

338 800 947 876 praeclarissimisque
995 819 1031 858 a
1075 799 1357 876 pontifice
1404 800 1841 859 communiatur
1895 804 2075 877 atque
2132 820 2366 860 exorne-

340 894 443 948 tur
503 888 796 965 operibuS.
888 890 939 947 E
1006 889 1222 964 quibus
1288 893 1712 949 commemorat
1777 888 2232 966 Scipionemque
2293 889 2374 948 ad

342 997 587 1054 superos
660 995 964 1037 reversum
1030 997 1402 1053 summopere
1468 978 1863 1037 admirantem
1927 979 2076 1038 facit
2137 980 2377 1039 moenia

341 1068 524 1141 urbis,
590 1086 741 1143 quae
795 1085 903 1141 per
957 1066 1330 1126 Beltramum
1374 1067 1623 1126 Martini
1685 1067 1876 1126 filium
1938 1068 2374 1144 redemptorem

343 1159 726 1216 exstruantur
737 1146 808 1236 ¹),
855 1155 1167 1215 basilicam
1215 1154 1272 1214 S.
1311 1156 1477 1215 Petri
1523 1157 1814 1232 aedesque
1860 1156 2204 1217 Vaticana&

477 1245 608 1305 Iam
671 1263 812 1304 vero
872 1247 924 1305 si
999 1247 1367 1320 quaerimus,
1441 1265 1594 1321 quae
1667 1246 2046 1322 potissimum
2108 1249 2375 1306 veterum

341 1337 658 1411 poetarum
723 1335 992 1409 exempla
1057 1354 1191 1393 cum
1254 1337 1318 1393 in
1394 1334 1759 1413 argumentis
1822 1338 1954 1393 tum
2015 1337 2080 1394 in
2143 1334 2380 1395 dicendi

344 1443 558 1501 genere
597 1424 834 1482 secutus
872 1425 953 1482 sit
980 1422 1284 1492 Horatius,
1321 1424 1648 1499 plurimum
1682 1423 1951 1502 Vergilio
1989 1443 2129 1483 eum
2165 1423 2382 1483 debere

344 1530 518 1572 nemo
549 1514 639 1571 est
667 1514 815 1588 quin
842 1512 1060 1572 videat.
1151 1512 1297 1570 Inde
1329 1532 1480 1588 quae
1511 1512 1583 1572 de
1609 1533 1793 1593 regno
1828 1514 2155 1573 inferorum
2189 1512 2383 1572 tradit

346 1602 548 1662 omnia
582 1601 705 1659 fere
742 1602 962 1660 hausta
1000 1604 1164 1660 sunt:
1203 1600 1458 1676 Charon,
1498 1602 1803 1675 Cerberus,
1838 1603 2051 1679 Minos,
2098 1604 2383 1679 portenta

349 1691 678 1768 allegorica
721 1686 907 1749 limen
944 1690 1105 1749 Ditis
1154 1692 1475 1765 servantia,
1521 1692 1737 1750 Furiae
1781 1692 1992 1767 illique
2040 1693 2145 1767 qui
2191 1695 2379 1751 aeter-

347 1799 457 1839 nas
522 1798 745 1856 poenas
791 1780 967 1838 luunt
1011 1781 1275 1855 itemque
1313 1780 1479 1841 sedes
1517 1783 1775 1839 secretae
1812 1780 2029 1840 ducum
2066 1781 2384 1854 clarorum,

351 1869 614 1928 Catilina
660 1867 916 1944 denique
964 1872 1026 1926 et
1074 1867 1239 1941 Cato,
1284 1869 1402 1929 nisi
1448 1870 1609 1945 quod
1652 1869 1997 1929 Uticensem
2041 1869 2215 1945 ponit
2258 1869 2381 1928 Ho-

348 1960 538 2019 ratius
585 1978 695 2034 pro
745 1955 1045 2017 Censorio,
1140 1956 1435 2035 Scipionis
1480 1958 1754 2018 Africani
1798 1979 1892 2019 res
1939 1962 2161 2037 gestas,
2219 1957 2384 2035 quod

348 2051 473 2108 iam
535 2047 672 2106 inde
737 2066 775 2106 a
819 2047 1135 2107 Francisco
1195 2048 1480 2108 Petrarca
1541 2048 2015 2108 illustrissimum
2077 2048 2385 2108 Romanae

349 2138 592 2197 virtutis
640 2137 941 2213 exemplar
985 2137 1465 2211 existimabatur,
1517 2156 1587 2195 ex
1631 2136 1804 2196 Livio
1861 2138 2128 2214 cognitas
2184 2137 2383 2197 habet.

354 2227 533 2286 Cuius
606 2225 820 2285 umbra
893 2227 1173 2286 similiter
1243 2226 1488 2285 mortali
1555 2244 1805 2303 corpore
1876 2227 2150 2285 induitur
2224 2226 2384 2303 apud

353 2315 673 2376 Horatium
746 2333 863 2390 quo
937 2315 1363 2374 Erichthonem
1434 2317 1500 2373 in
1571 2315 1800 2374 Lucani
1871 2316 2185 2375 Pharsalia
2249 2308 2387 2397 (VI,

357 2406 484 2466 750
501 2396 659 2486 sqq.)
707 2405 941 2480 corpori
988 2405 1188 2468 occisi
1216 2406 1480 2463 animam
1524 2405 1888 2480 vitalemque
1949 2406 2206 2464 calorem
2250 2404 2383 2464 red-

353 2492 592 2553 dentem
637 2493 909 2551 videmus
925 2539 940 2567 ‚
999 2493 1261 2569 itemque
1309 2491 1511 2554 Ovidii
1567 2494 1863 2569 Statiique
1919 2494 2184 2554 carmina
2238 2494 2385 2553 satis

353 2583 674 2661 diligenter
729 2601 864 2641 eum
925 2583 1142 2661 legisse
1207 2586 1475 2659 apparet.
1566 2583 1775 2660 Neque
1841 2583 2055 2643 desunt
2109 2603 2263 2659 quae
2314 2602 2386 2642 ex

356 2673 574 2731 Dantis
611 2671 908 2748 Aldigerii
946 2690 1122 2747 opere
1170 2674 1409 2750 egregio
1447 2674 1570 2732 sint
1615 2672 1948 2749 desumpta,
1995 2674 2101 2748 qui
2142 2671 2390 2731 umbras

353 2764 725 2820 mortuorum
771 2761 1050 2819 similiter
1101 2761 1358 2820 flammis
1403 2762 1632 2822 involvi
1681 2765 1741 2821 et
1788 2781 1824 2819 a
1870 2760 2129 2820 colubris
2176 2762 2389 2837 angui·

354 2851 583 2926 busque
639 2852 846 2909 vexari
857 2841 909 2930 2>
964 2849 1114 2909 facit
1170 2853 1349 2925 atque
1412 2850 1712 2928 Angelum
1765 2850 1937 2908 illum
1983 2849 2249 2908 Porcarii
2294 2867 2387 2908 so·

355 2940 509 3000 roris
555 2939 752 2999 virum
795 2938 1114 3011 HoratiuS‚
1158 2937 1499 3014 ibidemque
1544 2940 1777 2998 invenit
1825 2937 2142 2998 Cerberum
2197 2936 2386 2997 denti-

358 3029 469 3089 bus
535 3028 950 3107 unguibusque
1015 3027 1327 3087 damnatos
1394 3028 1770 3087 lacerantem.
1785 3019 1837 3108 ⁸)
1948 3026 2116 3086 Sicut
2187 3028 2387 3086 autem

374 3336 377 3339 Ι
504 3272 556 3339 1)
594 3269 856 3323 Porcaria
892 3268 934 3336 Ι,
965 3277 1068 3325 514
1103 3269 1170 3331 Π,
1203 3274 1321 3324 241.
1363 3301 1432 3310 --
1468 3269 1551 3323 De
1585 3268 1869 3323 Beltramo
1908 3267 1976 3323 cf.
2008 3267 2236 3322 Mfintz
2272 3266 2309 3322 1.
2342 3283 2390 3323 c.

359 3361 413 3413 p'
446 3346 804 3483 ²⁰24'5111ff2‘r111
843 3415 989 3467 aaut.
1027 3412 1223 3479 XXVI,
1253 3417 1339 3466 47.
1377 3411 1572 3480 XXIV,
1611 3417 1679 3466 82
1701 3429 1818 3481 sqq.

505 3489 557 3555 3)
596 3484 733 3539 ibid.
776 3485 866 3552 VI,
897 3490 981 3540 18.
