<?xml version="1.0" encoding="UTF-8"?>
<!DOCTYPE html PUBLIC "-//W3C//DTD XHTML 1.0 Transitional//EN"
    "http://www.w3.org/TR/xhtml1/DTD/xhtml1-transitional.dtd">
<html xmlns="http://www.w3.org/1999/xhtml" xml:lang="en" lang="en">
 <head>
  <title>
</title>
<meta http-equiv="Content-Type" content="text/html;charset=utf-8" />
  <meta name='ocr-system' content='tesseract 3.04.00' />
  <meta name='ocr-capabilities' content='ocr_page ocr_carea ocr_par ocr_line ocrx_word'/>
</head>
<body>
  <div class='ocr_page' id='page_1' title='image "./hporcariaseudec00lehngoog_0043.png"; bbox 0 0 2650 3925; ppageno 0'>
   <div class='ocr_carea' id='block_1_1' title="bbox 1145 205 1514 261">
    <p class='ocr_par' dir='ltr' id='par_1_1' title="bbox 1145 205 1514 261">
     <span class='ocr_line' id='line_1_1' title="bbox 1145 205 1514 261; baseline 0 -1"><span class='ocrx_word' id='word_1_1' title='bbox 1145 205 1514 261; x_wconf 77' lang='lat' dir='ltr'><strong>POROARIA</strong></span> 
     </span>
    </p>
   </div>
   <div class='ocr_carea' id='block_1_2' title="bbox 222 357 2181 3648">
    <p class='ocr_par' dir='ltr' id='par_1_2' title="bbox 307 357 1939 524">
     <span class='ocr_line' id='line_1_2' title="bbox 307 357 1772 435; baseline 0 -18"><span class='ocrx_word' id='word_1_2' title='bbox 307 358 725 435; x_wconf 83' lang='lat' dir='ltr'>Emissumque</span> <span class='ocrx_word' id='word_1_3' title='bbox 771 360 906 418; x_wconf 89' lang='lat' dir='ltr'>atra</span> <span class='ocrx_word' id='word_1_4' title='bbox 950 376 1155 418; x_wconf 85' lang='lat' dir='ltr'>rursus</span> <span class='ocrx_word' id='word_1_5' title='bbox 1199 358 1415 417; x_wconf 79' lang='lat' dir='ltr'>tellure</span> <span class='ocrx_word' id='word_1_6' title='bbox 1462 357 1772 434; x_wconf 86' lang='lat' dir='ltr'>Tipheum,</span> 
     </span>
     <span class='ocr_line' id='line_1_3' title="bbox 309 446 1939 524; baseline -0.001 -18"><span class='ocrx_word' id='word_1_7' title='bbox 309 446 426 517; x_wconf 88' lang='lat' dir='ltr'>Qui</span> <span class='ocrx_word' id='word_1_8' title='bbox 472 466 716 524; x_wconf 88' lang='lat' dir='ltr'>superos</span> <span class='ocrx_word' id='word_1_9' title='bbox 761 467 930 507; x_wconf 87' lang='lat' dir='ltr'>ruere</span> <span class='ocrx_word' id='word_1_10' title='bbox 978 451 1040 507; x_wconf 93' lang='lat' dir='ltr'>et</span> <span class='ocrx_word' id='word_1_11' title='bbox 1085 448 1312 507; x_wconf 88' lang='lat' dir='ltr'>caelum</span> <span class='ocrx_word' id='word_1_12' title='bbox 1357 447 1689 507; x_wconf 81' lang='lat' dir='ltr'>rescindere</span> <span class='ocrx_word' id='word_1_13' title='bbox 1734 449 1939 522; x_wconf 86' lang='lat' dir='ltr'>certet,</span> 
     </span>
    </p>

    <p class='ocr_par' dir='ltr' id='par_1_3' title="bbox 229 535 2059 970">
     <span class='ocr_line' id='line_1_4' title="bbox 229 535 2043 613; baseline -0.003 -14"><span class='ocrx_word' id='word_1_14' title='bbox 229 559 281 599; x_wconf 81' lang='grc' dir='ltr'>ιο</span> <span class='ocrx_word' id='word_1_15' title='bbox 310 536 575 613; x_wconf 84' lang='lat' dir='ltr'>Quisque</span> <span class='ocrx_word' id='word_1_16' title='bbox 619 538 816 595; x_wconf 88' lang='lat' dir='ltr'>refert.</span> <span class='ocrx_word' id='word_1_17' title='bbox 910 535 1111 596; x_wconf 82' lang='lat' dir='ltr'>Gemit</span> <span class='ocrx_word' id='word_1_18' title='bbox 1153 537 1258 596; x_wconf 91' lang='lat' dir='ltr'>ille</span> <span class='ocrx_word' id='word_1_19' title='bbox 1304 555 1442 597; x_wconf 88' lang='lat' dir='ltr'>suos</span> <span class='ocrx_word' id='word_1_20' title='bbox 1488 538 1735 613; x_wconf 85' lang='lat' dir='ltr'>liquisse</span> <span class='ocrx_word' id='word_1_21' title='bbox 1778 538 2043 612; x_wconf 88' lang='lat' dir='ltr'>penates,</span> 
     </span>
     <span class='ocr_line' id='line_1_5' title="bbox 305 625 2059 703; baseline 0.001 -20"><span class='ocrx_word' id='word_1_22' title='bbox 305 625 422 685; x_wconf 92' lang='lat' dir='ltr'>Hic</span> <span class='ocrx_word' id='word_1_23' title='bbox 466 627 728 701; x_wconf 87' lang='lat' dir='ltr'>patriam</span> <span class='ocrx_word' id='word_1_24' title='bbox 775 628 836 685; x_wconf 91' lang='lat' dir='ltr'>et</span> <span class='ocrx_word' id='word_1_25' title='bbox 877 626 1060 703; x_wconf 91' lang='lat' dir='ltr'>longa</span> <span class='ocrx_word' id='word_1_26' title='bbox 1107 626 1441 685; x_wconf 88' lang='lat' dir='ltr'>confectum</span> <span class='ocrx_word' id='word_1_27' title='bbox 1489 629 1685 686; x_wconf 88' lang='lat' dir='ltr'>aetate</span> <span class='ocrx_word' id='word_1_28' title='bbox 1730 629 2059 701; x_wconf 83' lang='lat' dir='ltr'>parentem,</span> 
     </span>
     <span class='ocr_line' id='line_1_6' title="bbox 305 714 1882 792; baseline 0 -18"><span class='ocrx_word' id='word_1_29' title='bbox 305 716 735 791; x_wconf 88' lang='lat' dir='ltr'>Plorantesque</span> <span class='ocrx_word' id='word_1_30' title='bbox 781 714 936 774; x_wconf 90' lang='lat' dir='ltr'>alius</span> <span class='ocrx_word' id='word_1_31' title='bbox 983 715 1210 792; x_wconf 89' lang='lat' dir='ltr'>gremio</span> <span class='ocrx_word' id='word_1_32' title='bbox 1257 717 1548 775; x_wconf 89' lang='lat' dir='ltr'>consortis</span> <span class='ocrx_word' id='word_1_33' title='bbox 1595 716 1882 775; x_wconf 77' lang='lat' dir='ltr'>alumnos,</span> 
     </span>
     <span class='ocr_line' id='line_1_7' title="bbox 306 803 1877 879; baseline 0.001 -17"><span class='ocrx_word' id='word_1_34' title='bbox 306 804 488 863; x_wconf 87' lang='lat' dir='ltr'>Illum</span> <span class='ocrx_word' id='word_1_35' title='bbox 533 806 713 864; x_wconf 84' lang='lat' dir='ltr'>vexat</span> <span class='ocrx_word' id='word_1_36' title='bbox 758 822 941 879; x_wconf 90' lang='lat' dir='ltr'>amor,</span> <span class='ocrx_word' id='word_1_37' title='bbox 987 805 1221 863; x_wconf 86' lang='lat' dir='ltr'>facinus</span> <span class='ocrx_word' id='word_1_38' title='bbox 1266 803 1555 864; x_wconf 75' lang='lat' dir='ltr'>formidat</span> <span class='ocrx_word' id='word_1_39' title='bbox 1600 807 1661 863; x_wconf 91' lang='lat' dir='ltr'>et</span> <span class='ocrx_word' id='word_1_40' title='bbox 1706 805 1877 864; x_wconf 91' lang='lat' dir='ltr'>ardet</span> 
     </span>
     <span class='ocr_line' id='line_1_8' title="bbox 310 891 2000 970; baseline -0.002 -17"><span class='ocrx_word' id='word_1_41' title='bbox 310 892 594 970; x_wconf 83' lang='lat' dir='ltr'>Coniugis</span> <span class='ocrx_word' id='word_1_42' title='bbox 640 893 973 969; x_wconf 82' lang='lat' dir='ltr'>amplexus:</span> <span class='ocrx_word' id='word_1_43' title='bbox 1021 891 1166 962; x_wconf 86' lang='lat' dir='ltr'>Quis</span> <span class='ocrx_word' id='word_1_44' title='bbox 1210 895 1271 952; x_wconf 91' lang='lat' dir='ltr'>te</span> <span class='ocrx_word' id='word_1_45' title='bbox 1317 912 1474 953; x_wconf 83' lang='lat' dir='ltr'>nova</span> <span class='ocrx_word' id='word_1_46' title='bbox 1519 896 1712 969; x_wconf 89' lang='lat' dir='ltr'>nupta</span> <span class='ocrx_word' id='word_1_47' title='bbox 1757 892 2000 968; x_wconf 82' lang='lat' dir='ltr'>fovebit,</span> 
     </span>
    </p>

    <p class='ocr_par' dir='ltr' id='par_1_4' title="bbox 228 980 2005 1415">
     <span class='ocr_line' id='line_1_9' title="bbox 228 980 1976 1059; baseline -0.003 -14"><span class='ocrx_word' id='word_1_48' title='bbox 228 1004 279 1045; x_wconf 67' lang='grc' dir='ltr'>ιε</span> <span class='ocrx_word' id='word_1_49' title='bbox 307 981 554 1059; x_wconf 85' lang='lat' dir='ltr'>Frigida</span> <span class='ocrx_word' id='word_1_50' title='bbox 599 999 735 1041; x_wconf 91' lang='lat' dir='ltr'>cum</span> <span class='ocrx_word' id='word_1_51' title='bbox 779 982 1044 1042; x_wconf 80' lang='lat' dir='ltr'>lacrimis</span> <span class='ocrx_word' id='word_1_52' title='bbox 1091 981 1293 1042; x_wconf 92' lang='lat' dir='ltr'>oculos</span> <span class='ocrx_word' id='word_1_53' title='bbox 1338 983 1668 1042; x_wconf 86' lang='lat' dir='ltr'>tumefacta</span> <span class='ocrx_word' id='word_1_54' title='bbox 1711 980 1976 1042; x_wconf 80' lang='lat' dir='ltr'>iacebis?</span> 
     </span>
     <span class='ocr_line' id='line_1_10' title="bbox 309 1070 2005 1147; baseline 0 -18"><span class='ocrx_word' id='word_1_55' title='bbox 309 1070 466 1141; x_wconf 91' lang='lat' dir='ltr'>Quin</span> <span class='ocrx_word' id='word_1_56' title='bbox 513 1072 698 1131; x_wconf 86' lang='lat' dir='ltr'>etiam</span> <span class='ocrx_word' id='word_1_57' title='bbox 743 1072 980 1131; x_wconf 89' lang='lat' dir='ltr'>sceleris</span> <span class='ocrx_word' id='word_1_58' title='bbox 1025 1071 1334 1147; x_wconf 84' lang='lat' dir='ltr'>trepidant</span> <span class='ocrx_word' id='word_1_59' title='bbox 1377 1072 1716 1131; x_wconf 80' lang='lat' dir='ltr'>meminisse</span> <span class='ocrx_word' id='word_1_60' title='bbox 1763 1070 2005 1131; x_wconf 82' lang='lat' dir='ltr'>nefandi</span> 
     </span>
     <span class='ocr_line' id='line_1_11' title="bbox 306 1159 1750 1237; baseline 0.001 -18"><span class='ocrx_word' id='word_1_61' title='bbox 306 1159 709 1237; x_wconf 88' lang='lat' dir='ltr'>Damnatique</span> <span class='ocrx_word' id='word_1_62' title='bbox 756 1179 934 1220; x_wconf 84' lang='lat' dir='ltr'>ausus</span> <span class='ocrx_word' id='word_1_63' title='bbox 979 1162 1185 1219; x_wconf 91' lang='lat' dir='ltr'>miseri</span> <span class='ocrx_word' id='word_1_64' title='bbox 1229 1160 1281 1220; x_wconf 86' lang='lat' dir='ltr'>si</span> <span class='ocrx_word' id='word_1_65' title='bbox 1326 1178 1498 1237; x_wconf 87' lang='lat' dir='ltr'>posse</span> <span class='ocrx_word' id='word_1_66' title='bbox 1543 1161 1750 1220; x_wconf 90' lang='lat' dir='ltr'>liceret</span> 
     </span>
     <span class='ocr_line' id='line_1_12' title="bbox 306 1249 1875 1327; baseline 0.001 -20"><span class='ocrx_word' id='word_1_67' title='bbox 306 1249 680 1310; x_wconf 88' lang='lat' dir='ltr'>Paenituisse</span> <span class='ocrx_word' id='word_1_68' title='bbox 725 1250 938 1309; x_wconf 83' lang='lat' dir='ltr'>volunt</span> <span class='ocrx_word' id='word_1_69' title='bbox 980 1249 1259 1310; x_wconf 80' lang='lat' dir='ltr'>lacrimas</span> <span class='ocrx_word' id='word_1_70' title='bbox 1305 1268 1598 1327; x_wconf 82' lang='lat' dir='ltr'>vocesque</span> <span class='ocrx_word' id='word_1_71' title='bbox 1640 1251 1875 1327; x_wconf 89' lang='lat' dir='ltr'>profusi</span> 
     </span>
     <span class='ocr_line' id='line_1_13' title="bbox 308 1338 1851 1415; baseline 0.001 -18"><span class='ocrx_word' id='word_1_72' title='bbox 308 1338 554 1399; x_wconf 83' lang='lat' dir='ltr'>Talibus</span> <span class='ocrx_word' id='word_1_73' title='bbox 601 1342 865 1399; x_wconf 82' lang='lat' dir='ltr'>errantes</span> <span class='ocrx_word' id='word_1_74' title='bbox 909 1339 1135 1397; x_wconf 88' lang='lat' dir='ltr'>feriunt</span> <span class='ocrx_word' id='word_1_75' title='bbox 1179 1339 1599 1415; x_wconf 85' lang='lat' dir='ltr'>conquestibus</span> <span class='ocrx_word' id='word_1_76' title='bbox 1647 1358 1851 1399; x_wconf 85' lang='lat' dir='ltr'>auras:</span> 
     </span>
    </p>

    <p class='ocr_par' dir='ltr' id='par_1_5' title="bbox 226 1426 2108 1861">
     <span class='ocr_line' id='line_1_14' title="bbox 226 1426 1956 1504; baseline -0.001 -15"><span class='ocrx_word' id='word_1_77' title='bbox 226 1449 279 1489; x_wconf 76' lang='lat' dir='ltr'>so</span> <span class='ocrx_word' id='word_1_78' title='bbox 308 1426 456 1497; x_wconf 92' lang='lat' dir='ltr'>Quis</span> <span class='ocrx_word' id='word_1_79' title='bbox 502 1429 646 1488; x_wconf 88' lang='lat' dir='ltr'>deus</span> <span class='ocrx_word' id='word_1_80' title='bbox 689 1430 756 1486; x_wconf 86' lang='lat' dir='ltr'>in</span> <span class='ocrx_word' id='word_1_81' title='bbox 799 1427 1089 1503; x_wconf 85' lang='lat' dir='ltr'>fraudem,</span> <span class='ocrx_word' id='word_1_82' title='bbox 1137 1447 1289 1504; x_wconf 84' lang='lat' dir='ltr'>quae</span> <span class='ocrx_word' id='word_1_83' title='bbox 1334 1447 1442 1488; x_wconf 91' lang='lat' dir='ltr'>nos</span> <span class='ocrx_word' id='word_1_84' title='bbox 1487 1430 1725 1489; x_wconf 87' lang='lat' dir='ltr'>insania</span> <span class='ocrx_word' id='word_1_85' title='bbox 1768 1428 1956 1489; x_wconf 81' lang='lat' dir='ltr'>traxit</span> 
     </span>
     <span class='ocr_line' id='line_1_15' title="bbox 305 1515 1878 1595; baseline 0.001 -20"><span class='ocrx_word' id='word_1_86' title='bbox 305 1516 624 1577; x_wconf 88' lang='lat' dir='ltr'>Attentare</span> <span class='ocrx_word' id='word_1_87' title='bbox 669 1515 880 1577; x_wconf 73' lang='lat' dir='ltr'>nefas?</span> <span class='ocrx_word' id='word_1_88' title='bbox 927 1515 1214 1576; x_wconf 84' lang='lat' dir='ltr'>Sanctum</span> <span class='ocrx_word' id='word_1_89' title='bbox 1257 1518 1522 1577; x_wconf 82' lang='lat' dir='ltr'>lacerare</span> <span class='ocrx_word' id='word_1_90' title='bbox 1567 1521 1878 1595; x_wconf 87' lang='lat' dir='ltr'>parentem</span> 
     </span>
     <span class='ocr_line' id='line_1_16' title="bbox 307 1606 1978 1684; baseline 0.001 -19"><span class='ocrx_word' id='word_1_91' title='bbox 307 1606 389 1665; x_wconf 84' lang='lat' dir='ltr'>Et</span> <span class='ocrx_word' id='word_1_92' title='bbox 432 1606 659 1667; x_wconf 84' lang='lat' dir='ltr'>violare</span> <span class='ocrx_word' id='word_1_93' title='bbox 706 1624 940 1665; x_wconf 86' lang='lat' dir='ltr'>sacrum</span> <span class='ocrx_word' id='word_1_94' title='bbox 984 1606 1359 1683; x_wconf 84' lang='lat' dir='ltr'>populosque</span> <span class='ocrx_word' id='word_1_95' title='bbox 1405 1609 1470 1666; x_wconf 88' lang='lat' dir='ltr'>in</span> <span class='ocrx_word' id='word_1_96' title='bbox 1513 1626 1662 1684; x_wconf 94' lang='lat' dir='ltr'>pace</span> <span class='ocrx_word' id='word_1_97' title='bbox 1707 1609 1978 1684; x_wconf 89' lang='lat' dir='ltr'>repostos</span> 
     </span>
     <span class='ocr_line' id='line_1_17' title="bbox 305 1696 2018 1775; baseline 0.001 -23"><span class='ocrx_word' id='word_1_98' title='bbox 305 1696 554 1755; x_wconf 88' lang='lat' dir='ltr'>Vertere</span> <span class='ocrx_word' id='word_1_99' title='bbox 599 1697 665 1753; x_wconf 91' lang='lat' dir='ltr'>in</span> <span class='ocrx_word' id='word_1_100' title='bbox 710 1714 879 1754; x_wconf 85' lang='lat' dir='ltr'>arma</span> <span class='ocrx_word' id='word_1_101' title='bbox 923 1696 1102 1755; x_wconf 82' lang='lat' dir='ltr'>simul</span> <span class='ocrx_word' id='word_1_102' title='bbox 1149 1698 1426 1773; x_wconf 82' lang='lat' dir='ltr'>civesque</span> <span class='ocrx_word' id='word_1_103' title='bbox 1473 1697 1704 1775; x_wconf 89' lang='lat' dir='ltr'>agitare</span> <span class='ocrx_word' id='word_1_104' title='bbox 1749 1697 2018 1755; x_wconf 88' lang='lat' dir='ltr'>tumultu</span> 
     </span>
     <span class='ocr_line' id='line_1_18' title="bbox 305 1782 2108 1861; baseline -0.001 -18"><span class='ocrx_word' id='word_1_105' title='bbox 305 1785 442 1845; x_wconf 88' lang='lat' dir='ltr'>Non</span> <span class='ocrx_word' id='word_1_106' title='bbox 486 1783 706 1861; x_wconf 90' lang='lat' dir='ltr'>puduit</span> <span class='ocrx_word' id='word_1_107' title='bbox 748 1786 1011 1844; x_wconf 90' lang='lat' dir='ltr'>miseros.</span> <span class='ocrx_word' id='word_1_108' title='bbox 1106 1782 1260 1854; x_wconf 89' lang='lat' dir='ltr'>Quid</span> <span class='ocrx_word' id='word_1_109' title='bbox 1307 1786 1467 1844; x_wconf 92' lang='lat' dir='ltr'>enim</span> <span class='ocrx_word' id='word_1_110' title='bbox 1512 1785 1808 1846; x_wconf 88' lang='lat' dir='ltr'>crudelius</span> <span class='ocrx_word' id='word_1_111' title='bbox 1854 1801 2108 1860; x_wconf 90' lang='lat' dir='ltr'>usquam</span> 
     </span>
    </p>

    <p class='ocr_par' dir='ltr' id='par_1_6' title="bbox 227 1871 2181 2309">
     <span class='ocr_line' id='line_1_19' title="bbox 227 1871 2052 1951; baseline -0.003 -15"><span class='ocrx_word' id='word_1_112' title='bbox 227 1895 279 1936; x_wconf 75' lang='lat'>25</span> <span class='ocrx_word' id='word_1_113' title='bbox 306 1873 621 1950; x_wconf 82' lang='lat' dir='ltr'>Prospexit</span> <span class='ocrx_word' id='word_1_114' title='bbox 666 1874 847 1933; x_wconf 89' lang='lat' dir='ltr'>tellus</span> <span class='ocrx_word' id='word_1_115' title='bbox 893 1877 1342 1951; x_wconf 87' lang='lat' dir='ltr'>monstrumque</span> <span class='ocrx_word' id='word_1_116' title='bbox 1388 1875 1611 1934; x_wconf 87' lang='lat' dir='ltr'>infame</span> <span class='ocrx_word' id='word_1_117' title='bbox 1655 1893 1762 1951; x_wconf 89' lang='lat' dir='ltr'>per</span> <span class='ocrx_word' id='word_1_118' title='bbox 1808 1871 2052 1934; x_wconf 72' lang='lat' dir='ltr'>orbem?</span> 
     </span>
     <span class='ocr_line' id='line_1_20' title="bbox 307 1959 1881 2042; baseline -0.001 -19"><span class='ocrx_word' id='word_1_119' title='bbox 307 1959 430 2024; x_wconf 89' lang='lat' dir='ltr'>Ora</span> <span class='ocrx_word' id='word_1_120' title='bbox 472 1965 669 2023; x_wconf 85' lang='lat' dir='ltr'>virum</span> <span class='ocrx_word' id='word_1_121' title='bbox 713 1963 883 2023; x_wconf 82' lang='lat' dir='ltr'>vivos</span> <span class='ocrx_word' id='word_1_122' title='bbox 929 1983 1038 2024; x_wconf 88' lang='lat' dir='ltr'>nos</span> <span class='ocrx_word' id='word_1_123' title='bbox 1084 1967 1146 2024; x_wconf 93' lang='lat' dir='ltr'>et</span> <span class='ocrx_word' id='word_1_124' title='bbox 1187 1968 1327 2042; x_wconf 87' lang='lat' dir='ltr'>post</span> <span class='ocrx_word' id='word_1_125' title='bbox 1373 1966 1503 2026; x_wconf 86' lang='lat' dir='ltr'>fata</span> <span class='ocrx_word' id='word_1_126' title='bbox 1546 1966 1881 2042; x_wconf 90' lang='lat' dir='ltr'>loquentur.</span> 
     </span>
     <span class='ocr_line' id='line_1_21' title="bbox 303 2045 2181 2133; baseline -0.001 -21"><span class='ocrx_word' id='word_1_127' title='bbox 303 2052 431 2112; x_wconf 85' lang='lat' dir='ltr'>Nec</span> <span class='ocrx_word' id='word_1_128' title='bbox 476 2053 674 2113; x_wconf 91' lang='lat' dir='ltr'>minus</span> <span class='ocrx_word' id='word_1_129' title='bbox 721 2054 982 2113; x_wconf 89' lang='lat' dir='ltr'>attonita</span> <span class='ocrx_word' id='word_1_130' title='bbox 1027 2045 1425 2133; x_wconf 89' lang='lat' dir='ltr'>(quamquam</span> <span class='ocrx_word' id='word_1_131' title='bbox 1469 2055 1652 2113; x_wconf 89' lang='lat' dir='ltr'>timor</span> <span class='ocrx_word' id='word_1_132' title='bbox 1697 2046 1881 2133; x_wconf 88' lang='lat' dir='ltr'>absit)</span> <span class='ocrx_word' id='word_1_133' title='bbox 1927 2053 1992 2113; x_wconf 88' lang='lat' dir='ltr'>in</span> <span class='ocrx_word' id='word_1_134' title='bbox 2037 2052 2181 2111; x_wconf 89' lang='lat' dir='ltr'>urbe</span> 
     </span>
     <span class='ocr_line' id='line_1_22' title="bbox 304 2141 1874 2219; baseline 0 -18"><span class='ocrx_word' id='word_1_135' title='bbox 304 2141 551 2202; x_wconf 81' lang='lat' dir='ltr'>Flebilis</span> <span class='ocrx_word' id='word_1_136' title='bbox 597 2142 842 2201; x_wconf 89' lang='lat' dir='ltr'>auditur</span> <span class='ocrx_word' id='word_1_137' title='bbox 887 2145 1158 2219; x_wconf 90' lang='lat' dir='ltr'>questus.</span> <span class='ocrx_word' id='word_1_138' title='bbox 1205 2142 1394 2219; x_wconf 87' lang='lat' dir='ltr'>gemit</span> <span class='ocrx_word' id='word_1_139' title='bbox 1437 2142 1546 2201; x_wconf 90' lang='lat' dir='ltr'>illa</span> <span class='ocrx_word' id='word_1_140' title='bbox 1590 2142 1874 2201; x_wconf 89' lang='lat' dir='ltr'>maritum</span> 
     </span>
     <span class='ocr_line' id='line_1_23' title="bbox 308 2230 2100 2309; baseline 0 -19"><span class='ocrx_word' id='word_1_141' title='bbox 308 2230 785 2307; x_wconf 85' lang='lat' dir='ltr'>Germanumque</span> <span class='ocrx_word' id='word_1_142' title='bbox 831 2250 1014 2306; x_wconf 86' lang='lat' dir='ltr'>soror,</span> <span class='ocrx_word' id='word_1_143' title='bbox 1058 2233 1381 2309; x_wconf 86' lang='lat' dir='ltr'>profugum</span> <span class='ocrx_word' id='word_1_144' title='bbox 1425 2232 1589 2291; x_wconf 91' lang='lat' dir='ltr'>dolet</span> <span class='ocrx_word' id='word_1_145' title='bbox 1635 2232 1826 2291; x_wconf 87' lang='lat' dir='ltr'>altera</span> <span class='ocrx_word' id='word_1_146' title='bbox 1870 2234 2100 2306; x_wconf 90' lang='lat' dir='ltr'>natum,</span> 
     </span>
    </p>

    <p class='ocr_par' dir='ltr' id='par_1_7' title="bbox 225 2319 2123 2754">
     <span class='ocr_line' id='line_1_24' title="bbox 225 2319 2081 2397; baseline -0.002 -14"><span class='ocrx_word' id='word_1_147' title='bbox 225 2342 279 2383; x_wconf 72' lang='lat' dir='ltr'>so</span> <span class='ocrx_word' id='word_1_148' title='bbox 308 2319 570 2395; x_wconf 85' lang='lat' dir='ltr'>Quisque</span> <span class='ocrx_word' id='word_1_149' title='bbox 616 2339 787 2380; x_wconf 87' lang='lat' dir='ltr'>suam</span> <span class='ocrx_word' id='word_1_150' title='bbox 830 2323 1060 2381; x_wconf 88' lang='lat' dir='ltr'>maeret</span> <span class='ocrx_word' id='word_1_151' title='bbox 1105 2323 1345 2397; x_wconf 86' lang='lat' dir='ltr'>sortem,</span> <span class='ocrx_word' id='word_1_152' title='bbox 1392 2321 1564 2381; x_wconf 91' lang='lat' dir='ltr'>dolor</span> <span class='ocrx_word' id='word_1_153' title='bbox 1607 2320 1869 2397; x_wconf 91' lang='lat' dir='ltr'>undique</span> <span class='ocrx_word' id='word_1_154' title='bbox 1913 2321 2081 2379; x_wconf 86' lang='lat' dir='ltr'>laxat</span> 
     </span>
     <span class='ocr_line' id='line_1_25' title="bbox 304 2409 1956 2486; baseline 0.001 -18"><span class='ocrx_word' id='word_1_155' title='bbox 304 2409 575 2469; x_wconf 84' lang='lat' dir='ltr'>Fletibus</span> <span class='ocrx_word' id='word_1_156' title='bbox 621 2427 726 2469; x_wconf 89' lang='lat' dir='ltr'>ora</span> <span class='ocrx_word' id='word_1_157' title='bbox 769 2409 904 2486; x_wconf 89' lang='lat' dir='ltr'>piis.</span> <span class='ocrx_word' id='word_1_158' title='bbox 998 2410 1249 2486; x_wconf 86' lang='lat' dir='ltr'>Triplici</span> <span class='ocrx_word' id='word_1_159' title='bbox 1294 2413 1426 2469; x_wconf 90' lang='lat' dir='ltr'>tum</span> <span class='ocrx_word' id='word_1_160' title='bbox 1472 2412 1679 2471; x_wconf 88' lang='lat' dir='ltr'>funere</span> <span class='ocrx_word' id='word_1_161' title='bbox 1723 2412 1956 2470; x_wconf 86' lang='lat' dir='ltr'>maesta</span> 
     </span>
     <span class='ocr_line' id='line_1_26' title="bbox 306 2490 2123 2581; baseline 0.001 -24"><span class='ocrx_word' id='word_1_162' title='bbox 306 2497 527 2578; x_wconf 86' lang='lat' dir='ltr'>Magna</span> <span class='ocrx_word' id='word_1_163' title='bbox 571 2517 787 2574; x_wconf 90' lang='lat' dir='ltr'>parens</span> <span class='ocrx_word' id='word_1_164' title='bbox 834 2499 1053 2576; x_wconf 89' lang='lat' dir='ltr'>equitis</span> <span class='ocrx_word' id='word_1_165' title='bbox 1102 2491 1370 2581; x_wconf 86' lang='lat' dir='ltr'>(tantum</span> <span class='ocrx_word' id='word_1_166' title='bbox 1416 2499 1587 2560; x_wconf 92' lang='lat' dir='ltr'>dolor</span> <span class='ocrx_word' id='word_1_167' title='bbox 1629 2501 1877 2559; x_wconf 90' lang='lat' dir='ltr'>ultimus</span> <span class='ocrx_word' id='word_1_168' title='bbox 1924 2490 2123 2580; x_wconf 84' lang='lat' dir='ltr'>angit)</span> 
     </span>
     <span class='ocr_line' id='line_1_27' title="bbox 308 2586 1775 2665; baseline 0.001 -18"><span class='ocrx_word' id='word_1_169' title='bbox 308 2586 605 2647; x_wconf 84' lang='lat' dir='ltr'>Canitiem</span> <span class='ocrx_word' id='word_1_170' title='bbox 651 2588 910 2648; x_wconf 80' lang='lat' dir='ltr'>evellens</span> <span class='ocrx_word' id='word_1_171' title='bbox 956 2591 1268 2665; x_wconf 85' lang='lat' dir='ltr'>terraeque</span> <span class='ocrx_word' id='word_1_172' title='bbox 1313 2588 1478 2648; x_wconf 90' lang='lat' dir='ltr'>illisa</span> <span class='ocrx_word' id='word_1_173' title='bbox 1521 2589 1775 2648; x_wconf 85' lang='lat' dir='ltr'>furentis</span> 
     </span>
     <span class='ocr_line' id='line_1_28' title="bbox 306 2676 1896 2754; baseline 0.001 -19"><span class='ocrx_word' id='word_1_174' title='bbox 306 2677 471 2737; x_wconf 88' lang='lat' dir='ltr'>More</span> <span class='ocrx_word' id='word_1_175' title='bbox 517 2676 644 2735; x_wconf 89' lang='lat' dir='ltr'>ruit</span> <span class='ocrx_word' id='word_1_176' title='bbox 687 2677 1003 2753; x_wconf 87' lang='lat' dir='ltr'>laceroque</span> <span class='ocrx_word' id='word_1_177' title='bbox 1050 2697 1227 2754; x_wconf 89' lang='lat' dir='ltr'>super</span> <span class='ocrx_word' id='word_1_178' title='bbox 1271 2677 1612 2753; x_wconf 88' lang='lat' dir='ltr'>procumbit</span> <span class='ocrx_word' id='word_1_179' title='bbox 1657 2678 1896 2754; x_wconf 90' lang='lat' dir='ltr'>amictu,</span> 
     </span>
    </p>

    <p class='ocr_par' dir='ltr' id='par_1_8' title="bbox 225 2765 2145 3200">
     <span class='ocr_line' id='line_1_29' title="bbox 225 2765 2042 2845; baseline -0.001 -18"><span class='ocrx_word' id='word_1_180' title='bbox 225 2785 277 2827; x_wconf 74' lang='lat'>⁸⁶</span> <span class='ocrx_word' id='word_1_181' title='bbox 306 2765 562 2825; x_wconf 90' lang='lat' dir='ltr'>Lumina</span> <span class='ocrx_word' id='word_1_182' title='bbox 605 2785 763 2826; x_wconf 92' lang='lat' dir='ltr'>nunc</span> <span class='ocrx_word' id='word_1_183' title='bbox 807 2766 1042 2843; x_wconf 76' lang='lat' dir='ltr'>palmiS,</span> <span class='ocrx_word' id='word_1_184' title='bbox 1088 2786 1245 2826; x_wconf 89' lang='lat' dir='ltr'>nunc</span> <span class='ocrx_word' id='word_1_185' title='bbox 1289 2766 1591 2845; x_wconf 88' lang='lat' dir='ltr'>unguibus</span> <span class='ocrx_word' id='word_1_186' title='bbox 1637 2785 1743 2826; x_wconf 88' lang='lat' dir='ltr'>ora</span> <span class='ocrx_word' id='word_1_187' title='bbox 1786 2767 2042 2842; x_wconf 84' lang='lat' dir='ltr'>lacessit,</span> 
     </span>
     <span class='ocr_line' id='line_1_30' title="bbox 305 2854 1960 2932; baseline 0.001 -19"><span class='ocrx_word' id='word_1_188' title='bbox 305 2854 481 2913; x_wconf 83' lang='lat' dir='ltr'>Nunc</span> <span class='ocrx_word' id='word_1_189' title='bbox 525 2857 809 2930; x_wconf 89' lang='lat' dir='ltr'>resupina</span> <span class='ocrx_word' id='word_1_190' title='bbox 853 2856 998 2930; x_wconf 90' lang='lat' dir='ltr'>solo,</span> <span class='ocrx_word' id='word_1_191' title='bbox 1043 2873 1201 2914; x_wconf 90' lang='lat' dir='ltr'>nunc</span> <span class='ocrx_word' id='word_1_192' title='bbox 1244 2874 1437 2932; x_wconf 88' lang='lat' dir='ltr'>prona</span> <span class='ocrx_word' id='word_1_193' title='bbox 1484 2858 1797 2932; x_wconf 84' lang='lat' dir='ltr'>exasperat</span> <span class='ocrx_word' id='word_1_194' title='bbox 1840 2856 1960 2914; x_wconf 89' lang='lat' dir='ltr'>iras</span> 
     </span>
     <span class='ocr_line' id='line_1_31' title="bbox 309 2943 1673 3005; baseline 0.001 -2"><span class='ocrx_word' id='word_1_195' title='bbox 309 2943 577 3005; x_wconf 82' lang='lat' dir='ltr'>Crudelis</span> <span class='ocrx_word' id='word_1_196' title='bbox 623 2943 793 3005; x_wconf 82' lang='lat' dir='ltr'>divos</span> <span class='ocrx_word' id='word_1_197' title='bbox 839 2944 1106 3004; x_wconf 89' lang='lat' dir='ltr'>crudelia</span> <span class='ocrx_word' id='word_1_198' title='bbox 1150 2944 1347 3004; x_wconf 88' lang='lat' dir='ltr'>sidera</span> <span class='ocrx_word' id='word_1_199' title='bbox 1392 2946 1673 3004; x_wconf 89' lang='lat' dir='ltr'>clamans.</span> 
     </span>
     <span class='ocr_line' id='line_1_32' title="bbox 305 3032 1811 3110; baseline 0.001 -19"><span class='ocrx_word' id='word_1_200' title='bbox 305 3032 456 3092; x_wconf 89' lang='lat' dir='ltr'>Dira</span> <span class='ocrx_word' id='word_1_201' title='bbox 499 3052 714 3092; x_wconf 85' lang='lat' dir='ltr'>manus</span> <span class='ocrx_word' id='word_1_202' title='bbox 760 3033 966 3093; x_wconf 89' lang='lat' dir='ltr'>ambas</span> <span class='ocrx_word' id='word_1_203' title='bbox 1010 3035 1318 3110; x_wconf 90' lang='lat' dir='ltr'>nudosque</span> <span class='ocrx_word' id='word_1_204' title='bbox 1365 3035 1512 3093; x_wconf 85' lang='lat' dir='ltr'>elisa</span> <span class='ocrx_word' id='word_1_205' title='bbox 1555 3034 1811 3094; x_wconf 86' lang='lat' dir='ltr'>lacertos</span> 
     </span>
     <span class='ocr_line' id='line_1_33' title="bbox 308 3121 2145 3200; baseline 0 -19"><span class='ocrx_word' id='word_1_206' title='bbox 308 3121 589 3182; x_wconf 81' lang='lat' dir='ltr'>Concutit</span> <span class='ocrx_word' id='word_1_207' title='bbox 635 3124 815 3199; x_wconf 89' lang='lat' dir='ltr'>atque</span> <span class='ocrx_word' id='word_1_208' title='bbox 861 3123 1126 3182; x_wconf 90' lang='lat' dir='ltr'>animam</span> <span class='ocrx_word' id='word_1_209' title='bbox 1169 3124 1418 3200; x_wconf 90' lang='lat' dir='ltr'>paulum</span> <span class='ocrx_word' id='word_1_210' title='bbox 1463 3123 1799 3182; x_wconf 89' lang='lat' dir='ltr'>miseranda</span> <span class='ocrx_word' id='word_1_211' title='bbox 1843 3140 2145 3182; x_wconf 90' lang='lat' dir='ltr'>resumens</span> 
     </span>
    </p>

    <p class='ocr_par' dir='ltr' id='par_1_9' title="bbox 222 3211 1944 3648">
     <span class='ocr_line' id='line_1_34' title="bbox 222 3211 1898 3288; baseline -0.001 -16"><span class='ocrx_word' id='word_1_212' title='bbox 222 3231 279 3272; x_wconf 66' lang='grc' dir='ltr'>ιο</span> <span class='ocrx_word' id='word_1_213' title='bbox 305 3211 436 3272; x_wconf 88' lang='lat' dir='ltr'>Iam</span> <span class='ocrx_word' id='word_1_214' title='bbox 484 3214 699 3271; x_wconf 89' lang='lat' dir='ltr'>conata</span> <span class='ocrx_word' id='word_1_215' title='bbox 743 3213 927 3288; x_wconf 90' lang='lat' dir='ltr'>loqui.</span> <span class='ocrx_word' id='word_1_216' title='bbox 1018 3213 1271 3272; x_wconf 85' lang='lat' dir='ltr'>Miserae</span> <span class='ocrx_word' id='word_1_217' title='bbox 1318 3212 1488 3272; x_wconf 92' lang='lat' dir='ltr'>dolor</span> <span class='ocrx_word' id='word_1_218' title='bbox 1533 3214 1744 3272; x_wconf 85' lang='lat' dir='ltr'>anxius</span> <span class='ocrx_word' id='word_1_219' title='bbox 1792 3231 1898 3271; x_wconf 93' lang='lat' dir='ltr'>ora</span> 
     </span>
     <span class='ocr_line' id='line_1_35' title="bbox 308 3297 1794 3380; baseline -0.001 -20"><span class='ocrx_word' id='word_1_220' title='bbox 308 3297 593 3377; x_wconf 86' lang='lat' dir='ltr'>Occupat,</span> <span class='ocrx_word' id='word_1_221' title='bbox 641 3320 936 3380; x_wconf 82' lang='lat' dir='ltr'>exangues</span> <span class='ocrx_word' id='word_1_222' title='bbox 984 3305 1262 3361; x_wconf 90' lang='lat' dir='ltr'>arescunt</span> <span class='ocrx_word' id='word_1_223' title='bbox 1302 3300 1563 3361; x_wconf 89' lang='lat' dir='ltr'>luctibus</span> <span class='ocrx_word' id='word_1_224' title='bbox 1609 3302 1794 3360; x_wconf 89' lang='lat' dir='ltr'>artus.</span> 
     </span>
     <span class='ocr_line' id='line_1_36' title="bbox 308 3388 1944 3469; baseline -0.001 -21"><span class='ocrx_word' id='word_1_225' title='bbox 308 3388 452 3458; x_wconf 90' lang='lat' dir='ltr'>Quis</span> <span class='ocrx_word' id='word_1_226' title='bbox 497 3391 740 3466; x_wconf 89' lang='lat' dir='ltr'>poterat</span> <span class='ocrx_word' id='word_1_227' title='bbox 783 3391 1046 3451; x_wconf 90' lang='lat' dir='ltr'>lacrimis</span> <span class='ocrx_word' id='word_1_228' title='bbox 1093 3410 1212 3451; x_wconf 91' lang='lat' dir='ltr'>non</span> <span class='ocrx_word' id='word_1_229' title='bbox 1258 3390 1590 3469; x_wconf 88' lang='lat' dir='ltr'>indulgere,</span> <span class='ocrx_word' id='word_1_230' title='bbox 1635 3388 1944 3450; x_wconf 85' lang='lat' dir='ltr'>cadentem</span> 
     </span>
     <span class='ocr_line' id='line_1_37' title="bbox 305 3478 1910 3556; baseline 0.002 -19"><span class='ocrx_word' id='word_1_231' title='bbox 305 3478 658 3538; x_wconf 85' lang='lat' dir='ltr'>Exanimem</span> <span class='ocrx_word' id='word_1_232' title='bbox 705 3480 941 3556; x_wconf 90' lang='lat' dir='ltr'>quando</span> <span class='ocrx_word' id='word_1_233' title='bbox 989 3498 1249 3540; x_wconf 82' lang='lat' dir='ltr'>convexo</span> <span class='ocrx_word' id='word_1_234' title='bbox 1295 3482 1361 3539; x_wconf 89' lang='lat' dir='ltr'>in</span> <span class='ocrx_word' id='word_1_235' title='bbox 1406 3480 1612 3539; x_wconf 90' lang='lat' dir='ltr'>limine</span> <span class='ocrx_word' id='word_1_236' title='bbox 1656 3482 1910 3540; x_wconf 89' lang='lat' dir='ltr'>matrem</span> 
     </span>
     <span class='ocr_line' id='line_1_38' title="bbox 307 3568 1615 3648; baseline 0.001 -21"><span class='ocrx_word' id='word_1_237' title='bbox 307 3568 589 3648; x_wconf 83' lang='lat' dir='ltr'>Singultu</span> <span class='ocrx_word' id='word_1_238' title='bbox 632 3568 860 3629; x_wconf 84' lang='lat' dir='ltr'>medias</span> <span class='ocrx_word' id='word_1_239' title='bbox 905 3568 1295 3629; x_wconf 88' lang='lat' dir='ltr'>intercidente</span> <span class='ocrx_word' id='word_1_240' title='bbox 1344 3570 1615 3644; x_wconf 90' lang='lat' dir='ltr'>querelas</span> 
     </span>
    </p>
   </div>
   <div class='ocr_carea' id='block_1_3' title="bbox 2251 204 2334 268">
    <p class='ocr_par' dir='ltr' id='par_1_10' title="bbox 2251 204 2334 268">
     <span class='ocr_line' id='line_1_39' title="bbox 2251 204 2334 268; baseline -0.012 0"><span class='ocrx_word' id='word_1_241' title='bbox 2251 204 2334 268; x_wconf 82' lang='lat'>21</span> 
     </span>
    </p>
   </div>
  </div>
 </body>
</html>
