2650 3925
528 222 803 279 ORATIV
805 224 841 278 S
878 221 1233 278 ROMANVS
1267 221 1388 278 PIO
1423 223 1491 279 Π.
1528 221 1741 279 PONT.
1779 222 1956 277 MAX.
2174 223 2264 289 45

171 395 199 437 5
229 373 418 444 Quale
463 394 573 434 nec
615 375 926 454 Augustus
971 393 1082 433 nec
1128 376 1236 450 qui
1279 377 1341 434 te
1388 375 1661 454 Auguste
1707 374 1974 435 canendo

317 464 605 524 Reddidit
649 466 957 524 aeternum
1001 463 1210 523 Peleos
1257 466 1369 523 aut
1412 465 1699 543 genitum.

226 553 366 614 Non
408 553 580 613 labor
624 554 732 612 aut
774 555 1067 630 sumptus,
1113 552 1285 613 dolor
1331 572 1468 612 acer
1509 553 1814 629 honorque
1860 571 2127 612 recessus

210 701 215 706 .
317 643 402 703 Et
445 643 640 702 rabies
687 643 840 702 caeli
884 642 1229 702 continuere
1275 645 1430 702 tuos,

229 731 478 808 Imperii
523 735 664 792 sunt
706 732 855 791 haec
901 750 1054 808 quae
1096 733 1364 807 primum
1410 732 1703 792 elementa
1748 730 1999 809 parasti,

148 842 202 883 10
320 820 407 881 Ut
452 821 630 882 cadat
672 821 912 882 hostilis
959 823 1164 880 nostra
1211 820 1323 880 sub
1372 838 1540 880 arma
1584 821 1768 880 furor.

229 909 351 969 Par
396 910 562 986 operi
606 913 779 970 tanto
824 914 916 969 est
961 911 1217 985 animus,
1263 911 1316 969 si
1360 910 1589 970 viribus
1636 928 1811 986 esses,

321 999 503 1076 Spem
545 999 727 1074 fovet,
771 1001 842 1058 ut
886 998 1110 1073 vincas,
1154 998 1489 1077 relligionis
1536 1017 1718 1059 amor.

1157 1382 1335 1451 VIII.

535 1519 811 1575 oratius
855 1518 1207 1575 Romanus
1251 1519 1376 1575 Pio
1420 1519 1512 1576 11.
1558 1523 1747 1590 pont.
1793 1532 1977 1575 max.

228 1639 305 1699 Pi
349 1639 526 1700 decus
574 1642 883 1699 aeternum
927 1641 1180 1715 patriae,
1227 1659 1349 1716 quo
1393 1642 1668 1716 principe
1711 1658 1917 1700 rursus

232 1727 388 1788 Orbe
434 1730 809 1805 triumphato
855 1747 1091 1789 sacrum
1136 1731 1319 1806 caput
1362 1731 1589 1790 inseret
1633 1732 1811 1789 astris

230 1817 416 1877 Italia
463 1822 644 1894 atque
690 1818 872 1879 Asiae
921 1818 1099 1877 solito
1143 1821 1281 1878 ruet
1326 1820 1523 1878 omine
1568 1838 1835 1896 regnum,

235 1905 440 1967 Cernis
487 1909 556 1967 ut
598 1907 855 1969 insultet
899 1906 1073 1967 furiis
1121 1909 1387 1986 agitatus
1432 1905 1765 1985 Amyrras?

177 2017 205 2057 6
236 1995 524 2056 Successu
566 2016 765 2057 rerum
811 1997 1039 2057 domita
1084 2017 1267 2073 quam
1314 1998 1514 2058 nobile
1562 1997 1863 2074 quondam

232 2086 583 2163 Hospitium
626 2087 830 2163 pelagi
874 2085 1175 2146 Pausania
1221 2087 1490 2147 condidit
1535 2087 1683 2147 urbe

237 2174 515 2251 Concipit
559 2174 857 2252 Europen.
948 2175 1138 2235 Italos
1184 2177 1333 2235 satis
1380 2195 1507 2236 esse
1552 2176 1792 2253 fatetur,

238 2262 498 2324 Gonatus
545 2266 652 2339 qui
695 2265 820 2323 iam
863 2266 1068 2324 tantos
1116 2268 1175 2324 et
1219 2269 1365 2325 vota
1409 2268 1732 2326 morentur.

232 2353 360 2412 Nec
403 2354 604 2413 minus
651 2354 866 2413 audaci
909 2355 1166 2429 populos
1211 2355 1434 2430 premit
1478 2354 1744 2430 undique
1788 2354 1946 2415 bello

155 2463 207 2504 ιο
234 2442 552 2501 Finitimos
597 2442 663 2501 in
706 2460 892 2521 regna
939 2446 1000 2502 et
1045 2461 1221 2521 agros
1264 2442 1559 2519 urbesque
1602 2445 1818 2503 ferocit

233 2530 598 2606 Pannoniae,
643 2550 715 2591 ac
758 2533 924 2608 ripas
969 2531 1166 2591 Histri
1211 2533 1610 2592 circumsonat
1655 2534 1838 2593 armis

236 2617 524 2680 Otumani
568 2639 780 2699 genus;
827 2621 1143 2681 obscurum
1187 2624 1356 2681 trans
1403 2622 1607 2682 accola
1652 2622 1912 2699 primum

233 2710 537 2770 Euxinum
582 2713 644 2769 et
686 2711 941 2770 Tanaim
985 2710 1292 2770 Mahomes
1339 2711 1539 2787 erupit
1582 2711 1658 2770 ab
1705 2711 1903 2786 orch0‚

236 2797 353 2868 Qui
396 2800 554 2858 ferro
600 2801 661 2858 et
704 2799 960 2859 flammis
1007 2799 1238 2858 caelum
1281 2800 1609 2877 populetur
1654 2802 1715 2859 et
1759 2801 1977 2860 orbem.

154 2907 208 2948 ιε
236 2887 441 2966 Digna
485 2890 661 2964 pater
705 2891 992 2964 reputans
1039 2889 1255 2948 animis
1302 2888 1659 2948 sublimibus
1703 2892 1825 2949 ista

236 2977 318 3036 Et
361 2978 595 3036 maiora
639 2978 785 3052 tuis,
831 2996 969 3037 cum
1013 2979 1277 3054 primum
1322 2979 1556 3038 culmen
1603 2979 1788 3037 adisti

236 3065 609 3140 Pontificale‚
655 3069 838 3143 caput
880 3084 990 3143 pro
1035 3067 1349 3145 relligione
1393 3069 1619 3143 pacisci

234 3154 404 3215 Mens
451 3156 574 3215 fuit
618 3157 680 3215 et
723 3157 869 3215 totis
916 3174 1223 3217 occurrere
1268 3156 1500 3216 viribus
1545 3155 1723 3216 hosti.

234 3243 547 3304 Invalidus
595 3262 959 3321 quamquam
1001 3244 1252 3321 pedibus
1299 3264 1407 3305 nec
1452 3245 1668 3304 fortior
1712 3245 1903 3319 annis,

153 3353 210 3394 so
234 3333 310 3391 In
356 3333 621 3392 lacrimis
665 3333 941 3409 linquens
986 3335 1193 3393 urbem
1238 3334 1586 3410 patriosque
1629 3335 1877 3408 penates

303 3520 780 3647 ffifflAreligionis
814 3521 866 3575 A
918 3524 938 3591 ΙΙ
990 3520 1134 3575 VIII.
1171 3521 1223 3575 A
1258 3520 1357 3578 fol.
1387 3526 1495 3576 931.
1532 3520 1579 3574 B
1615 3520 1714 3576 fol.
1744 3525 1852 3575 93¹⁸.
1881 3523 1901 3592 ΙΙ
1936 3526 1968 3575 2
2005 3520 2177 3575 miser
2212 3524 2274 3575 et

237 3608 302 3647 as
383 3610 410 3646 s
