2650 3925
567 215 665 268 DE
703 214 1251 272 CONIVRATIONE
1288 216 1659 272 PORCARIA
1691 218 2057 274 DIALOGVS
2232 221 2313 285 75

416 370 486 428 B.
540 369 735 428 Multa
762 388 943 444 super
975 369 1092 427 hac
1125 389 1191 428 re
1226 389 1336 446 per
1378 371 1582 446 plures
1629 369 1924 445 dicuntur,
1971 369 2074 429 sed
2112 389 2314 430 secun-

283 460 424 520 dum
498 460 814 519 veritatem
887 458 1062 517 credo
1134 459 1354 519 dixisse
1426 460 1592 519 satis.
1683 459 2094 519 Auctoritates
2158 461 2317 519 enim

284 567 487 610 sacrae
532 549 791 625 paginae
836 548 1298 608 auctoritatibus
1351 547 1663 608 hominum
1716 550 1901 607 etiam
1953 568 2318 608 summorum

283 637 636 715 pontificum
678 636 958 713 positivis
995 639 1138 696 sunt
1180 636 1585 714 preferendae.
1675 637 1811 697 Nox
1839 640 1931 697 est
1958 640 2020 697 et
2055 640 2318 698 crastina

228 743 256 783 5
284 728 380 787 die
427 726 711 803 equitabo
761 725 962 784 Senas.
1056 725 1124 785 Si
1168 725 1315 802 quid
1359 726 1447 785 ibi
1491 729 1603 801 vis,
1648 726 1805 787 iube.
1895 726 2064 787 Vale.

414 816 482 874 F.
554 815 645 873 Mi
706 814 915 874 doctor
972 818 1034 874 et
1103 817 1303 891 pater,
1375 834 1471 874 me
1543 815 1658 875 tibi
1729 815 2101 891 commende,
2172 816 2317 877 deus

282 923 521 982 gressus
565 907 703 963 tuos
750 903 974 982 dirigat
1017 904 1082 962 in
1127 906 1291 964 viam
1335 905 1521 981 pacis.

428 1097 460 1145 2
497 1094 646 1146 auct.
683 1094 876 1146 tamen
914 1108 1071 1147 sacre
1097 1093 1310 1164 pagine
1336 1094 1630 1160 tamquam
1659 1108 1694 1145 a
1731 1093 1924 1147 sancto
1954 1092 2158 1161 spiritu
2186 1109 2315 1162 pro-

282 1164 547 1218 cedentes
584 1164 660 1218 K.
689 1166 708 1234 ΙΙ
739 1169 767 1217 7
804 1164 963 1234 pacis
993 1166 1052 1218 et
1087 1164 1288 1218 salutis
1316 1166 1395 1219 K.
1424 1196 1495 1205 —
1523 1164 1640 1218 Deo
1668 1164 1899 1234 gratias.
1954 1165 2153 1219 Amen.
2210 1164 2317 1220 Per

281 1235 512 1289 Petrum
547 1235 619 1289 de
655 1234 830 1289 Godis
867 1235 940 1290 de
974 1235 1238 1290 Vicentia
1274 1235 1494 1289 editum
1528 1235 1704 1289 Rome
1749 1238 2004 1306 tempore
2049 1235 2315 1290 factionis

280 1306 535 1376 predicte
590 1304 810 1361 scilicet
861 1306 945 1360 Μο
984 1305 1180 1361 CCCC⁰
1215 1306 1363 1360 ΙιΠΙο
1417 1307 1489 1361 de
1543 1323 1734 1361 mense
1786 1305 2058 1362 Januario
2112 1307 2314 1377 pontif.

279 1377 506 1433 Nicolai
549 1393 699 1446 pape
747 1380 803 1433 V
845 1377 1009 1431 Anno
1048 1377 1315 1447 Septimo.
1364 1379 1427 1433 V.
1482 1409 1554 1419 —
1607 1377 1726 1433 De'o
1764 1378 1994 1448 gratias.
2067 1378 2318 1448 Explicit

281 1449 566 1519 dyalogon
615 1464 719 1517 per
772 1447 1003 1504 Petrum
1057 1449 1130 1504 de
1184 1448 1360 1503 Godis
1416 1450 1487 1504 de
1522 1448 1832 1505 Vincencia
1886 1450 2102 1503 editum
2138 1451 2316 1506 Rome

277 1523 533 1588 tempore
585 1518 808 1588 prefate
862 1519 1267 1575 coniurationis
1317 1521 1411 1575 die
1465 1523 1670 1590 quarta
1704 1520 1739 1575 J
1742 1521 1980 1588 aunarii,
2035 1537 2149 1589 qua
2186 1538 2316 1576 con-

279 1590 489 1644 iuratio
525 1590 775 1645 revelata
812 1593 899 1646 est
926 1608 1073 1646 anno
1111 1592 1326 1647 domini
1357 1598 1495 1646 1463
1523 1593 1887 1662 pontificatus
1913 1592 2139 1647 Nicolai
2164 1608 2316 1664 pape

278 1661 468 1729 quinti
504 1662 641 1716 anni
676 1662 836 1718 sexti.
872 1665 991 1734 (sie)
1029 1665 1104 1719 K.
