2650 3925
380 218 470 282 42
1355 216 1434 271 VI

383 369 481 430 Sic
525 370 707 429 fatus.
799 370 1145 444 Timuitque
1193 387 1370 428 senex
1416 368 1761 443 dictumque
1807 366 2067 441 facessit,

377 458 675 520 Undisoni
716 460 942 518 tacitus
988 458 1171 534 petiit
1213 476 1355 516 nam
1399 458 1612 517 littora
1656 457 1846 534 ponti.

292 569 352 609 40
378 548 537 608 Hinc
583 547 736 607 abiit
779 548 956 626 longe
1002 548 1276 623 precibus
1323 547 1710 622 Phebumque
1754 546 2021 605 vocavit:

376 639 730 696 Arcitenens
775 655 1010 714 magne,
1058 635 1301 695 Chrisae
1349 638 1456 712 qui
1500 637 1738 694 moenia
1784 635 2008 695 lustras

376 727 778 801 Divinamque
823 728 982 803 regis
1031 724 1250 785 Cillam
1295 724 1719 800 Tenedumque
1764 722 2079 802 gubernas,

379 815 712 889 Smintheu,
758 817 810 874 si
857 834 976 890 qua
1019 813 1137 884 tibi
1178 816 1355 890 posui
1399 814 1802 891 pulcherrima
1844 812 2074 889 templa

380 904 560 981 Sique
604 905 731 964 tuis
778 903 896 963 aris
942 905 1256 963 taurorum
1299 904 1553 980 pinguia
1599 920 1773 961 crura

292 1013 349 1054 45
381 993 827 1069 Caprarumque
875 992 1027 1067 dedi,
1074 994 1295 1052 nostris
1342 1010 1552 1069 precor
1596 1008 1790 1050 annue
1835 992 2021 1051 votis:

378 1084 541 1143 Dent
585 1083 785 1142 Danai
829 1100 1053 1158 poenas
1099 1082 1438 1158 infestaque
1485 1083 1687 1141 conice
1732 1080 1872 1153 tela,

377 1172 463 1231 Ut
506 1172 752 1232 tandem
794 1171 1073 1231 lacrimas
1121 1170 1358 1230 discant
1404 1189 1524 1229 non
1567 1173 1830 1228 temnere
1876 1168 2138 1228 nostras!

375 1261 591 1320 Audiit
634 1262 780 1320 haec
823 1259 1058 1319 Phebus
1105 1262 1373 1338 graviter
1418 1262 1748 1318 commotus
1796 1261 1858 1317 et
1900 1259 2054 1317 imas

379 1350 601 1410 Desilit
642 1352 708 1408 in
751 1350 942 1410 terras
988 1367 1218 1408 summo
1265 1348 1339 1408 de
1383 1349 1606 1408 vertice
1651 1347 1805 1408 caeli

294 1461 353 1502 50
378 1441 605 1498 Arcum
648 1439 912 1498 humeris
956 1438 1417 1514 pharetramque
1464 1456 1703 1516 gerens;
1747 1440 1879 1495 tum
1923 1434 2198 1494 turbidus
2244 1436 2338 1493 ira

376 1529 567 1588 Irruit
611 1531 672 1587 et
718 1546 969 1603 quassae
1016 1529 1279 1587 sonitum
1322 1528 1514 1586 fecere
1562 1528 1837 1605 sagittae.

377 1618 796 1696 Argivumque
841 1617 999 1693 petit
1044 1616 1290 1676 classem
1339 1614 1738 1675 circumdatus
1783 1613 1999 1673 umbra

379 1706 774 1782 conseditque
818 1706 1028 1782 procul
1073 1704 1272 1765 subito
1319 1722 1686 1780 nervumque
1732 1702 1991 1763 tetendit

377 1796 570 1856 Arcus
617 1799 678 1855 et
721 1793 1016 1854 horrendo
1062 1794 1250 1853 telum
1295 1794 1552 1853 stridore
1595 1793 1845 1852 remisit.

292 1907 348 1948 55
377 1884 508 1944 Hoc
553 1884 747 1944 mulos
793 1883 1153 1960 rapidosque
1200 1901 1376 1942 canes
1421 1882 1520 1941 hic
1565 1900 1817 1958 corpora
1862 1880 2112 1941 Graium

377 1974 585 2035 Finxit
626 1973 901 2033 inaudito
946 1976 1210 2034 tentavit
1254 1976 1316 2033 et
1364 1975 1608 2051 agmina
1651 1972 1875 2032 morbo.

378 2064 515 2123 Heu
559 2065 841 2124 miserum
886 2065 1208 2138 postquam
1251 2062 1441 2121 telum
1487 2064 1781 2122 contorsit
1825 2079 2116 2137 amarum,

376 2152 549 2213 Muta
592 2155 790 2214 virum
835 2151 1053 2212 crebris
1100 2151 1392 2211 ardebant
1435 2154 1679 2227 pectora
1723 2151 1997 2209 flammis.

1340 2553 1450 2620 VI.

375 2693 596 2750 oratii
630 2690 924 2749 Romani
967 2692 1060 2746 ad
1094 2690 1297 2746 Pium
1332 2688 1407 2745 11
1451 2691 1641 2759 pont.
1679 2703 1861 2745 max.
1900 2688 2411 2759 epigrammata.

1373 2833 1427 2887 1.

374 2957 504 3017 Nos
551 2957 799 3033 dignum
843 2954 1074 3014 meritis
1119 2955 1185 3011 in
1230 2956 1290 3012 te
1337 2951 1688 3029 profitemur
1732 2952 2019 3011 honorem

468 3047 550 3105 Et
592 3044 857 3105 decuisse
904 3043 1084 3103 Pium
1129 3041 1471 3119 pontificale
1518 3040 1713 3100 decus.

375 3135 784 3195 Dardanicam
828 3134 1056 3193 Eneam
1100 3133 1297 3208 pietas
1342 3149 1523 3207 super
1568 3131 1812 3190 aethera
1856 3131 2019 3189 vexit

470 3225 670 3300 Teque
717 3224 811 3282 sui
855 3241 1071 3283 nomen
1118 3220 1428 3299 sanguinis
1475 3238 1601 3279 esse
1647 3218 1877 3296 probat.

524 3454 590 3502 49
629 3447 857 3502 Desiliit
891 3448 910 3515 ΙΙ
948 3452 1012 3501 51
1054 3444 1279 3514 sagipte
1305 3447 1326 3514 ΙΙ
1352 3461 1402 3498 v,
1433 3448 1503 3498 58
1538 3442 1600 3497 in
1632 3459 1809 3514 marg.

523 3518 618 3574 VT.
648 3517 780 3574 Cod.
801 3518 854 3572 X
881 3517 1132 3572 Rossetti
1149 3515 1532 3599 bibliothecae
1550 3513 1913 3599 municipalis
1932 3513 2298 3640 Terggstinae
2320 3515 2411 3584 (A)

380 3590 478 3646 fol.
521 3597 632 3645 13'.
708 3588 839 3645 Cod.
878 3588 927 3643 J.
965 3588 1086 3655 VII,
1116 3592 1220 3642 260
1268 3585 1649 3641 bibliothecae
1688 3585 2000 3658 chigianae
2039 3590 2060 3658 (
2107 3590 2126 3657 )
2163 3586 2262 3641 fol.
2295 3593 2412 3642 13⁷.
