2650 3925
381 192 468 256 48
1335 189 1466 246 VIII

380 343 589 403 Hostis
634 343 700 402 in
744 341 1063 417 excidium3
1108 344 1428 401 ventorum
1470 341 1633 400 laxet
1675 339 1937 401 habenas

296 454 357 494 so
384 433 571 494 Eolus
616 434 801 508 atque
845 431 1038 491 omnis
1082 430 1272 490 furias
1319 432 1596 506 erumpat
1642 431 1716 490 ab
1764 433 1955 506 antro,

383 520 762 582 Encheladus
807 520 1092 595 flammas,
1140 520 1413 597 cyclopes
1458 519 1716 579 fulmina
1762 523 1823 579 et
1868 538 2036 578 arma

384 611 622 670 Ethnea
667 611 739 669 de
784 628 953 686 rupe,
996 627 1214 685 parens
1258 609 1576 685 Neptunus
1623 611 1684 668 et
1729 610 1922 668 omnis

383 700 651 776 Neptuni
696 699 909 759 chorus
956 717 1026 757 ex
1069 698 1207 758 imis
1251 717 1432 775 super
1476 700 1715 759 aestuus
1760 697 1937 757 undis

382 789 665 850 Involvat
707 788 920 865 rapido
965 788 1339 846 Turchorum
1381 786 1621 846 turbine
1665 805 1914 864 puppes,

297 900 356 940 95
384 878 665 956 Appulus
713 879 774 938 et
820 876 1071 936 Calaber
1113 877 1295 936 tellus
1339 878 1596 954 insignis
1642 896 1929 953 equorum

386 965 647 1043 Quisque
694 965 922 1025 dabunt
969 969 1255 1040 armenta,
1302 964 1576 1043 Agragas
1622 966 1720 1026 vel
1767 963 1975 1041 qualia
2021 965 2326 1041 quondam

385 1055 703 1131 Nutribat3
751 1054 974 1115 Oumea
1019 1054 1196 1113 deum
1241 1072 1527 1131 responsa
1571 1055 1888 1129 resolvent,

384 1145 502 1205 Hic
545 1144 652 1204 ubi
695 1143 1069 1203 Dardanium
1114 1143 1344 1202 Eneam
1388 1143 1498 1204 sub
1542 1163 1690 1220 rupe
1737 1142 1969 1220 Sibylla

384 1235 482 1294 Ire
529 1234 608 1294 ad
650 1235 1034 1309 conspectum
1079 1232 1283 1292 docuit
1327 1232 1635 1310 genitoriS,
1680 1235 1754 1292 ut
1798 1233 1991 1291 omnis

274 1346 360 1386 100
385 1324 664 1400 Principe
706 1324 769 1381 te
815 1324 1043 1382 Tui-cus
1089 1321 1220 1382 diro
1266 1322 1376 1382 sub
1421 1321 1616 1381 Marte
1659 1321 1898 1398 peribit.

387 1414 506 1473 Tot
550 1414 743 1472 maria
789 1414 850 1471 et
892 1413 1101 1487 portus
1147 1430 1267 1470 non
1313 1413 1456 1470 sunt
1500 1413 1627 1471 sine
1674 1408 1961 1471 classibus
2009 1412 2071 1471 et
2116 1429 2269 1486 quae

386 1502 666 1561 Proxima
714 1499 956 1560 Caietae
1001 1502 1348 1578 prospectat
1390 1500 1600 1559 littora
1647 1499 1833 1575 Circe,

386 1591 503 1651 Hic
548 1589 654 1650 ubi
698 1591 841 1650 diva
884 1589 1044 1649 viros
1090 1607 1270 1649 saeva
1315 1591 1558 1648 feritate
1604 1589 1884 1666 luporum

386 1680 595 1739 Induit
639 1682 700 1739 et
743 1680 946 1739 tristes
991 1681 1274 1738 resonant
1322 1678 1399 1736 ad
1444 1677 1640 1738 sidera
1684 1678 1898 1738 luctus.

277 1791 360 1832 105
389 1770 507 1829 Tot
550 1768 853 1846 quondam
895 1768 1128 1828 rediens
1174 1767 1384 1843 spoliis
1430 1770 1678 1828 orientis
1724 1769 1958 1843 onusta,

390 1859 508 1919 Tot
551 1858 766 1919 victrix
810 1857 1186 1934 populorum,
1231 1857 1354 1916 alio
1401 1875 1559 1916 nunc
1605 1856 1816 1916 debilis
1862 1875 2008 1917 aevo

391 1947 548 2019 Quid
594 1947 699 2009 das
744 1947 937 2007 Roma
980 1942 1133 2006 Pio?
1178 1945 1411 2007 Desunt
1455 1945 1571 2005 tibi
1613 1944 1797 2006 robur
1841 1949 1901 2006 et
1947 1964 2115 2006 arma

387 2039 471 2097 Et
514 2057 725 2097 manus
773 2036 848 2097 ob
893 2037 1156 2112 patriam
1199 2039 1582 2114 pugnantum
1627 2037 1690 2096 et
1734 2037 1977 2112 sanguis
2024 2054 2288 2095 avorum.

390 2127 529 2186 Non
572 2126 792 2187 Remus
839 2128 902 2185 et
944 2126 1149 2201 frater,
1196 2144 1454 2201 quorum
1498 2126 1607 2185 sub
1653 2125 1962 2186 moenibus
2009 2124 2163 2184 alter

283 2238 364 2279 no
393 2213 645 2291 Occidit,
691 2216 844 2275 alter
890 2216 1021 2292 agit
1065 2233 1202 2274 cum
1247 2214 1363 2274 diis
1410 2214 1772 2293 genitalibus
1819 2233 2047 2274 aevum.

391 2303 731 2364 Fabricium
776 2304 922 2381 quid
967 2303 1194 2380 Pyrrhe
1239 2303 1415 2364 times
1461 2303 1888 2362 Mummiumve
1936 2301 2237 2375 Corinthe,

389 2394 679 2453 Emilium
724 2390 985 2454 Persen?
1028 2393 1401 2471 geminorum
1445 2394 1608 2452 victa
1653 2392 1761 2452 sub
1808 2394 1991 2452 armis

394 2482 741 2561 Scipiadum
789 2480 1131 2561 Carthago?
1177 2482 1408 2542 Premit
1449 2483 1543 2540 tot
1586 2481 1846 2541 fulmina
1889 2481 2069 2540 tellus

391 2573 605 2631 Martis
652 2575 713 2631 et
759 2573 1005 2631 attritus
1050 2571 1153 2631 vix
1198 2574 1291 2631 est
1337 2573 1464 2630 sine
1509 2573 1748 2631 nomine
1793 2570 2009 2647 pulvis,

287 2683 365 2724 115
391 2662 530 2721 Non
577 2679 763 2740 genus
808 2659 1092 2736 Alcydae‚
1140 2679 1395 2736 quorum
1437 2661 1667 2736 periere
1711 2662 1986 2733 trecenti,

395 2752 534 2811 Non
577 2750 751 2810 Decii
795 2751 1098 2827 superant,
1141 2751 1375 2825 patriae
1421 2749 1563 2808 dare
1608 2749 1838 2828 Regulo
1883 2750 2073 2809 vitam

395 2840 535 2899 Non
578 2841 799 2899 iterum
843 2842 903 2898 te
950 2838 1079 2898 fata
1126 2840 1333 2898 sinunt
1377 2857 1485 2898 nec
1527 2840 1785 2916 pignora
1828 2837 2034 2898 Brute.

396 2930 589 2989 Morte
635 2931 813 3002 iaces,
856 2928 1012 2988 vivis
1057 2929 1238 3002 fama,
1284 2929 1392 3003 qui
1434 2945 1645 3004 passus
1694 2925 1866 2987 Orati

394 3018 602 3079 Hostis
647 3018 711 3076 in
758 3036 1066 3077 occursum
1110 3019 1248 3095 post
1290 3020 1465 3095 terga
1511 3016 1767 3076 avellere
1813 3018 2073 3092 pontem.

287 3130 368 3170 12⁰
395 3108 533 3168 Non
576 3107 892 3167 Marcellus
938 3106 1109 3166 adest
1152 3124 1260 3166 nec
1306 3106 1532 3165 Scaeva
1579 3107 1685 3165 aut
1731 3105 2035 3179 Scaevola,
2079 3123 2280 3183 regem

396 3196 512 3267 Qui
555 3199 725 3273 petat
771 3214 978 3255 arsura
1023 3196 1357 3272 Tyrrenum
1402 3195 1667 3255 occidere
1713 3194 1936 3255 dextra.

538 3426 606 3475 93
646 3422 844 3475 extuus
881 3420 1035 3474 codd.
1082 3420 1102 3489 ΙΙ
1152 3424 1218 3473 97
1259 3435 1387 3472 cum
1424 3434 1492 3473 ea
1528 3419 1585 3473 A
1656 3418 1897 3472 resolvet
1932 3416 2000 3483 X,
2029 3421 2116 3472 97.
2170 3419 2189 3486 ΙΙ
2244 3420 2311 3469 98
2350 3415 2426 3469 si-

395 3492 538 3547 billa
573 3494 629 3547 A
655 3493 674 3561 ΙΙ
704 3497 807 3546 106
843 3491 1107 3546 uictrices
1143 3491 1199 3546 A
1226 3493 1244 3560 ΙΙ
1283 3495 1384 3544 117
1423 3506 1495 3543 ne
1530 3490 1773 3560 pignora
1809 3491 1866 3545 A
1909 3490 1929 3559 ΙΙ
1976 3494 2077 3543 119
2114 3488 2424 3558 pugnando

395 3566 471 3632 A,
507 3564 607 3619 ubi
637 3570 765 3632 post
799 3570 951 3634 terqa
987 3562 1048 3616 in
1083 3578 1260 3632 marg.

386 3808 621 3870 Α
