2650 3925
1053 240 1422 296 PoscAmA
2171 243 2251 307 17

225 393 320 451 En
364 391 481 451 tibi
522 394 718 467 prisca
763 391 936 452 fides!
983 393 1204 451 Tenuit
1247 412 1385 452 mox
1429 391 1622 451 Roma
1669 391 1992 451 secundm

228 481 500 541 Consulis
546 483 882 558 imperium,
929 482 1089 557 quod
1136 484 1345 557 stupro
1392 484 1454 540 et
1498 483 1787 560 sanguine
1832 485 2067 557 partum
2120 486 2225 541 est.

227 569 344 640 Qui
388 573 649 647 primum
694 588 901 630 saevas
947 579 1057 647 p'ro
1103 570 1384 629 libertate
1433 588 1667 630 secures

117 681 194 723 425
224 658 516 733 Instituit,
560 662 771 717 natum
815 660 937 719 leto
983 678 1140 719 nova
1183 659 1346 719 bella
1389 663 1728 719 moventem

223 748 530 824 Implicuit
573 749 813 807 BrutuS.
904 747 1146 807 Patriae
1191 750 1311 808 fuit
1355 768 1475 807 una
1519 749 1800 824 voluptas

223 838 552 897 Fortunam
599 837 870 898 stabilire
917 841 977 896 et
1020 837 1318 897 debellare
1364 839 1653 897 tirannos,

223 927 460 986 Floruit
503 926 613 985 illa
657 929 863 986 tamen
907 926 1114 985 multis
1160 926 1485 987 virtutibus
1533 929 1715 987 aetas.

224 1015 412 1075 Nosse
458 1015 701 1075 modum
745 1016 893 1075 iuris
938 1015 1396 1092 libertatemque
1427 1017 1604 1075 tueri
1676 1044 1679 1048 v

111 1127 196 1168 4:³0
225 1104 532 1164 Bellorum
578 1104 792 1165 studiis
837 1107 1039 1180 potuit
1082 1107 1224 1164 tunc
1269 1105 1493 1163 Martia'
1535 1105 1744 1164 Roma.

225 1194 426 1271 Digna
471 1195 590 1252 fuit
634 1197 831 1253 totum
877 1212 1029 1270 quae
1075 1193 1302 1253 viribus
1350 1196 1599 1269 occupet
1646 1193 1866 1253 orbem.
1907 1200 1912 1206 ’

225 1283 360 1342 Non
407 1285 565 1343 cives
612 1286 748 1342 auri
789 1282 986 1342 rabies
1031 1301 1140 1342 nec
1185 1282 1317 1341 dira
1363 1282 1550 1341 libido

225 1371 474 1448 Imperii
515 1374 721 1445 traxit,
767 1371 872 1431 sed
916 1373 1142 1431 famam
1188 1371 1500 1431 extendere
1548 1371 1713 1431 caelo

225 1460 529 1520 Laudibus
576 1479 648 1520 ac
690 1462 922 1521 meritis
970 1463 1030 1520 et
1076 1461 1255 1521 duros
1301 1461 1457 1520 ferre
1500 1460 1752 1520 labores·

112 1570 195 1613 4³5
226 1549 392 1609 Tunc
435 1550 601 1609 rudis
647 1552 930 1625 imposito
977 1549 1221 1609 vivebat
1266 1549 1471 1609 consul
1518 1553 1747 1625 aratr03

225 1638 535 1699 Fabricius
581 1658 768 1716 parvo
815 1641 1128 1698 contentus
1173 1657 1421 1698 munera
1466 1659 1676 1717 regum

224 1728 528 1804 Despexit,
572 1731 774 1804 potius
820 1727 1013 1788 voluit
1059 1727 1506 1788 dominantibus
1554 1746 1700 1787 auro

223 1817 397 1876 Iussa
441 1816 582 1875 dare
630 1820 692 1876 et
734 1818 882 1876 forti
924 1817 1150 1877 bellum
1195 1817 1509 1877 decernere
1554 1817 1730 1877 ferro.

225 1906 385 1966 Hinc
429 1906 606 1966 Fabii
648 1906 922 1985 ingentes
969 1905 1287 1983 Catulique
1338 1909 1399 1966 et
1442 1906 1699 1967 fulmina
1743 1905 1957 1967 Martis

113 2018 196 2058 440
226 1995 559 2072 Scipiadae,
606 2014 859 2072 quorum
902 1996 1227 2056 virtutibus
1272 1996 1434 2056 Itala
1477 1996 1657 2056 tellus

226 2083 458 2145 Claruit
503 2088 565 2144 et
608 2105 808 2144 rerum
852 2087 1128 2161 princeps
1173 2086 1475 2146 Mavortia
1519 2086 1711 2145 Roma

225 2172 380 2235 Orbe
425 2174 796 2250 triumphato
843 2192 1076 2234 sacrum
1122 2178 1304 2250 caput
1347 2174 1559 2234 intulit
1603 2177 1798 2234 astriS.

221 2264 448 2323 Verum
494 2282 651 2323 vana
696 2265 842 2323 viris
887 2265 1082 2340 pietas
1130 2263 1444 2340 cultusque
1491 2263 1738 2323 deorum

220 2352 441 2426 musit,
485 2353 631 2412 tulit
675 2355 949 2413 externos
996 2352 1074 2412 ad
1117 2372 1286 2413 sacra
1331 2355 1578 2429 penates

111 2464 192 2504 445
224 2442 350 2501 Aut
396 2441 562 2501 dedit
604 2445 740 2518 ipsa
785 2442 950 2517 deos3
995 2462 1218 2501 numen
1264 2442 1381 2501 sibi
1425 2444 1679 2518 quisque
1725 2440 1968 2502 dicabat

223 2530 638 2609 Fingebatque
682 2531 887 2591 Iovem
931 2532 1226 2590 Venerem
1270 2531 1643 2607 Martemque
1689 2530 2037 2591 Minervam.

222 2621 528 2680 Festivare
575 2620 757 2696 dapes
804 2622 865 2679 et
910 2619 1078 2679 odori
1121 2620 1340 2696 pocula
1384 2620 1576 2680 Bachi

222 2710 489 2783 Vertere,
534 2713 856 2769 nocturnas
902 2710 1085 2785 tyrsis
1133 2711 1364 2788 agitare
1411 2710 1673 2785 choreas,

221 2798 561 2858 Debachari
601 2799 889 2874 homines,
935 2801 1210 2857 sanctum
1255 2799 1483 2858 violare
1527 2798 1817 2901 pudorem

111 2907 194 2949 450
222 2887 580 2966 Relligionis
627 2890 775 2962 erat,
819 2885 1005 2946 donec
1050 2890 1152 2962 pia
1197 2906 1341 2948 cura
1387 2890 1632 2963 superni

224 2975 527 3056 Sanguine
573 2978 843 3036 restituit
886 2975 1198 3053 deperdita
1242 2976 1482 3036 saecula
1527 2978 1672 3036 nati.

223 3064 500 3126 Consulis
546 3069 787 3125 exactae
834 3070 1155 3142 postquam
1200 3084 1427 3126 cessere
1474 3083 1728 3140 secures,

220 3154 472 3215 Publica
517 3173 612 3214 res
657 3155 821 3214 urbis
866 3162 1005 3215 mox
1051 3158 1142 3215 est
1187 3155 1398 3214 effecta
1442 3154 1551 3215 sub
1597 3174 1717 3215 uno

221 3244 509 3320 Imperio.
554 3244 655 3303 hic
699 3263 902 3305 omnes
949 3244 1368 3320 complectitur
1411 3264 1533 3302 una
1576 3247 1859 3319 potestas.

111 3352 191 3394 455
224 3333 370 3404 Quis
415 3333 656 3409 referat,
702 3335 943 3410 quantis
986 3332 1250 3408 Latium,
1298 3333 1515 3408 quibus
1561 3335 1781 3392 arserit
1823 3335 2003 3393 armis

365 3544 468 3592 422
508 3539 568 3592 in
603 3556 804 3610 marg:
853 3539 1136 3595 Secundus
1170 3545 1349 3594 status
1383 3539 1539 3594 urbis
1574 3540 1593 3609 ΙΙ
1629 3543 1733 3592 453
1771 3536 1834 3591 in
1869 3555 2071 3609 marg:
2123 3538 2253 3593 Ter-

218 3610 333 3665 tius
368 3610 523 3665 wrbis
556 3616 745 3666 status.

328 3709 553 3750 Horatius
581 3710 816 3751 Romanus
843 3709 914 3751 ed.
943 3710 979 3750 L
992 3722 1015 3751 e
1027 3711 1057 3750 h
1066 3722 1098 3750 n
1110 3721 1133 3750 e
1144 3722 1168 3750 r
1177 3709 1206 3750 d
1218 3713 1247 3749 t.
1792 3703 1823 3752 2
