2650 3925
370 198 453 262 72
1056 245 1059 246 ⁷
1077 198 1297 254 PETRI
1331 197 1429 253 DE
1468 198 1683 254 GODIS

363 349 437 408 In
483 349 690 411 diebus
737 353 939 410 autem
1004 344 1322 427 regnorum
1385 350 1629 409 illorum
1698 351 2015 409 suscitabit
2077 350 2221 410 deus
2285 351 2403 409 celi

362 458 651 517 regnum,
698 440 856 515 quod
917 441 983 499 in
1042 441 1313 498 eternum
1375 458 1497 499 non
1553 439 1969 516 dissipabitur,
2029 441 2091 499 et
2147 459 2401 518 regnum

366 527 526 603 quod
569 529 792 604 populo
853 529 1029 588 alteri
1086 547 1208 587 non
1265 528 1555 589 tradetur.
1649 527 2025 588 comminuet
2079 532 2281 588 autem
2338 531 2401 588 et

364 620 670 676 consumet
713 618 991 677 universa
1036 636 1223 694 regna
1257 619 1406 677 haec
1443 620 1505 677 et
1547 620 1748 694 ipsum
1792 619 1979 677 stabit
2012 620 2078 677 in
2124 620 2399 677 eternum

308 726 334 766 5
363 706 685 765 secundum
731 708 889 783 quod
934 706 1158 781 vidisti,
1206 706 1369 783 quod
1413 706 1487 765 de
1531 709 1734 767 monte
1797 707 2059 767 abscisus
2106 709 2198 766 est
2240 708 2398 783 lapis

363 797 490 854 sine
554 797 828 856 manibus
893 799 953 855 et
1017 798 1372 855 comminuit
1432 798 1650 856 testam
1716 799 1777 856 et
1838 797 2064 855 ferrum
2121 798 2184 855 et
2228 814 2289 855 es
2337 798 2400 855 et

363 887 679 961 argentum
724 887 786 944 61
841 904 1067 944 aurum.
1161 884 1378 944 Statua
1433 885 1727 961 siquidem
1771 885 1907 957 illa,
1952 885 2129 960 Fabi,
2175 884 2395 962 figura-

360 975 463 1032 tur
505 974 852 1034 monarchia
906 973 1142 1048 mundi,
1206 993 1360 1050 quae
1416 974 1663 1034 diversis
1726 974 2099 1051 temporibus
2146 973 2399 1052 singulis

364 1065 623 1137 quatuor
691 1064 933 1139 populis
991 1082 1027 1122 6
1089 1063 1198 1122 deo
1271 1065 1564 1139 permissa
1627 1063 1771 1138 fuit,
1843 1063 2109 1139 Assyriis
2181 1064 2397 1139 prime,

284 1172 336 1212 ιο
365 1152 621 1211 secundo
667 1151 864 1212 Persis
930 1154 991 1212 et
1044 1152 1249 1227 Medis,
1312 1153 1493 1212 tertio
1550 1150 1751 1212 Grecis
1815 1172 1923 1228 per
1975 1152 2400 1227 Alexandrum,

365 1243 579 1316 quarto
625 1241 939 1315 RomaniS,
1003 1244 1064 1301 et
1128 1246 1388 1317 quatuor
1440 1261 1627 1318 regna
1670 1243 1779 1301 illa
1842 1242 2076 1317 sompni
2141 1243 2402 1318 quatuor

361 1331 512 1389 istec
556 1349 777 1408 magna
820 1350 1006 1408 regna
1049 1331 1322 1405 fuerunt,
1385 1333 1541 1408 lapis
1586 1350 1728 1390 vero
1785 1330 2048 1391 abscisus
2104 1330 2402 1407 figuratur

364 1418 653 1493 Christus,
719 1422 825 1495 qui
887 1422 1068 1480 natus
1134 1423 1225 1479 est
1287 1423 1554 1496 tempore
1615 1417 1935 1479 Octaviani
1992 1420 2401 1479 Romanorum

361 1508 742 1584 imperatoris
805 1510 1002 1585 primi.
1095 1509 1176 1567 Et
1229 1511 1359 1585 ipse
1420 1508 1690 1568 Christus
1744 1528 1847 1568 rex
1910 1528 2118 1587 regum
2181 1510 2398 1568 missus

284 1618 334 1658 15
365 1616 400 1655 a
446 1597 556 1657 deo
602 1600 774 1673 patre
811 1600 937 1657 eius
984 1600 1337 1657 comminuit
1382 1599 1583 1657 omnia
1627 1617 1813 1676 regna
1857 1598 2004 1657 haec
2042 1600 2104 1656 et
2144 1616 2400 1675 regnum

361 1686 573 1745 mundi
615 1689 681 1746 in
737 1706 800 1746 se
864 1689 1189 1763 assumpsit
1235 1691 1294 1746 et
1355 1689 1481 1747 eius
1542 1690 1809 1763 potestas
1867 1705 2054 1763 usque
2101 1687 2179 1745 ad
2234 1705 2398 1745 mare

364 1778 424 1834 et
471 1795 508 1833 a
569 1776 917 1836 fluminibus
980 1795 1168 1852 usque
1225 1776 1302 1835 ad
1367 1776 1513 1835 fines
1576 1779 1787 1836 terrae.
1877 1777 1960 1835 Et
2022 1776 2252 1835 factum
2308 1780 2399 1835 est

362 1884 613 1942 regnum
657 1866 833 1924 huius
879 1865 1088 1925 mundi
1133 1866 1361 1924 domini
1418 1867 1613 1926 nostri
1658 1866 1699 1923 J
1701 1884 1805 1925 esu
1853 1864 2100 1939 Christi,
2159 1865 2231 1923 de
2279 1883 2397 1940 quo

364 1953 585 2014 dicitur
624 1955 693 2014 -in
738 1954 1075 2015 Ezechiele:
1123 1958 1182 2015 et
1226 1955 1447 2015 faciam
1492 1975 1590 2016 eos
1638 1959 1876 2033 gentem
1929 1973 2126 2014 meam
2173 1956 2235 2013 et
2281 1954 2397 2014 6111

283 2064 338 2104 20
365 2063 517 2103 unus
571 2062 675 2102 rex
738 2046 1009 2103 omnibus
1081 2046 1411 2121 imperans,
1472 2047 1534 2104 et
1584 2047 1650 2104 in
1704 2045 1931 2103 Mateo:
2006 2044 2151 2103 data
2206 2047 2298 2103 661
2343 2045 2396 2101 61

364 2134 556 2193 61111116
601 2135 869 2208 potestas
895 2135 960 2191 in
999 2134 1124 2193 celo
1155 2136 1215 2193 et
1245 2134 1311 2193 in
1354 2136 1532 2194 terra.
1625 2134 1697 2192 In
1740 2134 1853 2192 hoc
1899 2136 2101 2192 autem
2146 2133 2394 2209 imperio

363 2241 469 2281 suo
521 2223 646 2282 sive
701 2241 885 2299 regno
934 2216 1202 2282 Christus
1262 2223 1528 2282 instituit
1584 2223 1877 2282 vicarium
1936 2241 2108 2281 suum
2151 2222 2398 2281 Petrum

363 2311 695 2387 principem
740 2312 1149 2387 apostolorum
1193 2311 1258 2369 in
1318 2312 1729 2388 spiritualibus
1742 2355 1757 2385 ‚
1811 2312 2038 2371 dicens:
2095 2310 2398 2387 quodcun-

366 2419 479 2475 que
523 2401 808 2477 ligaveris
873 2420 1052 2477 super
1108 2404 1350 2476 terram,
1410 2402 1526 2460 erit
1582 2401 1837 2479 ligatum
1884 2403 1945 2459 et
1988 2402 2053 2459 in
2111 2401 2273 2475 ceIiS,
2331 2400 2399 2458 in

284 2510 336 2550 25
364 2490 793 2564 temporalibus
841 2492 1026 2549 etiam
1071 2489 1297 2550 dicens:
1343 2509 1522 2566 pasce
1567 2509 1706 2551 oves
1751 2507 1931 2549 meas,

497 2578 562 2636 F.
637 2578 802 2638 Haec
849 2579 1010 2638 dicta
1056 2579 1304 2639 subtilia
1352 2582 1511 2653 sunt,
1565 2583 1770 2638 tamen
1825 2578 2045 2638 dicitur
2092 2577 2400 2637 Christum

363 2666 543 2728 Petro
601 2666 665 2725 in
728 2668 1157 2744 temporalibus
1223 2668 1569 2729 exercitium
1631 2668 2022 2745 prohibuisse,
2083 2685 2216 2726 cum
2280 2667 2400 2726 sibi

510 2860 538 2907 1
578 2854 784 2911 Daniel
821 2861 872 2923 2,
891 2861 1119 2910 44—45.
1162 2858 1182 2925 ΙΙ
1218 2862 1250 2909 2
1287 2872 1526 2926 regnum
1564 2855 1683 2912 61116
1722 2855 1887 2910 alteri
1923 2854 2133 2925 populo
2181 2854 2341 2925 Vuly.
2380 2856 2400 2925 ΙΙ

366 2932 402 2981 4
439 2926 630 2980 omnia
664 2943 841 2997 regna
869 2928 937 2981 et'
962 2926 1148 2997 ipsum
1178 2928 1254 2982 K.
1283 2930 1302 2998 ΙΙ
1331 2934 1363 2981 6
1402 2930 1460 2982 61
1497 2935 1626 2998 post
1658 2928 1869 2983 ferrum
1901 2927 2044 2981 deest
2080 2926 2153 2980 K.
2228 2926 2401 2981 Finis

365 3004 544 3052 textus
580 2999 720 3052 bibie
758 3000 813 3053 V
839 2999 899 3052 in
926 3015 1103 3067 marg.
1131 3001 1150 3069 ΙΙ
1180 3005 1209 3052 7
1241 2999 1431 3067 siquid
1460 2999 1534 3053 K.
1564 3001 1583 3069 ΙΙ
1612 3004 1643 3052 8
1681 3000 1953 3070 ysydorus
1991 2999 2044 3052 V
2073 2997 2135 3051 in
2171 3013 2347 3066 marg.
2379 2998 2397 3015 '¹

368 3074 432 3122 11
472 3068 577 3122 illa
611 3069 753 3124 istec
790 3071 1034 3138 quatuor
1068 3086 1246 3140 regna
1281 3086 1492 3140 magna
1519 3070 1675 3125 fuere
1705 3072 1779 3125 K.
1810 3072 1828 3138 11
1858 3075 1924 3123 12
1964 3068 2245 3123 abscissus
2274 3069 2350 3123 K.
2378 3018 2400 3140 Η

362 3145 437 3194 14
473 3138 549 3193 Ε1
584 3140 708 3210 ipse
746 3139 999 3195 Christus
1055 3142 1199 3196 deest
1234 3143 1311 3196 K.
1367 3145 1386 3210 ΙΙ
1442 3146 1509 3196 15
1546 3142 1651 3197 1166
1699 3144 1757 3197 61
1802 3141 1862 3195 111
1916 3141 2068 3194 1111116
2123 3140 2399 3193 mundum

365 3211 522 3264 venit
546 3228 645 3266 rex
673 3211 744 3265 de
772 3229 882 3280 quo
914 3212 1128 3266 dictum
1157 3215 1307 3268 erat:
1346 3212 1466 3268 eius
1493 3215 1612 3283 pot.
1648 3214 1717 3268 K.
1776 3212 1845 3266 cf.
1868 3211 2168 3266 Zacharias
2198 3216 2249 3276 9,
2267 3216 2351 3266 10.
2378 3214 2398 3281 ΙΙ

370 3287 435 3336 19
474 3282 734 3337 Ezechiel
772 3289 857 3351 3⁷,
879 3290 963 3338 22.
1036 3283 1120 3337 ibi
1148 3287 1207 3339 et
1232 3284 1445 3338 faciam
1473 3285 1535 3339 V.
1564 3286 1583 3354 ΙΙ
1612 3289 1678 3339 20
1717 3283 1945 3338 Matheo
1975 3285 2051 3338 K.
2090 3283 2162 3337 cf.
2189 3282 2395 3337 Matth.

368 3358 550 3420 28,18.
624 3353 708 3408 ibi
745 3355 882 3408 data
919 3357 1006 3409 est
1051 3356 1112 3408 V.
1169 3358 1188 3425 ss
1243 3361 1308 3409 21
1349 3355 1470 3410 Hoc
1508 3357 1698 3411 autem
1742 3355 2043 3425 imperium
2080 3372 2243 3408 suum
2279 3354 2397 3408 sive

365 3441 602 3495 regnum
639 3425 852 3480 Cristus
888 3425 1123 3494 reliquit
1157 3426 1323 3483 Petro
1361 3428 1607 3496 principi
1644 3428 1719 3482 K.
1749 3430 1767 3497 ΙΙ
1809 3432 1877 3479 23
1914 3426 2118 3480 Matth.
2150 3432 2235 3493 16,
2257 3429 2340 3479 19.
2378 3425 2398 3496 Η

368 3503 434 3550 25
473 3495 597 3550 Joh.
629 3502 714 3561 21,
737 3501 819 3551 15.
849 3500 964 3565 1126
1003 3496 1248 3552 0116111111
1291 3497 1691 3568 temporalium
1737 3497 2233 3552 administracione
2282 3513 2397 3551 non

365 3584 531 3621 11611111
566 3566 759 3635 fuisse,
795 3567 962 3622 Petro
997 3569 1059 3622 in
1095 3572 1267 3638 temp.
1308 3571 1384 3623 K.
