2650 3925
340 222 429 287 20
1321 224 1376 278 Π

341 372 578 443 Quanta
624 375 721 433 vel
764 376 1037 453 ingratus
1084 375 1180 434 vel
1228 376 1335 453 qui
1376 380 1539 436 tacet
1581 378 1825 437 invidus
1872 379 2052 437 extat.

338 462 456 523 Hei
500 463 753 522 nimium
799 464 981 524 invisi
1024 467 1282 541 superis:
1329 465 1606 526 felicibus
1654 468 1826 526 annis

337 552 557 612 Vivere
603 553 896 613 nescimus
942 555 1188 614 miseros
1234 573 1343 615 nec
1388 555 1539 615 ferre
1585 556 1827 632 superbi

338 642 657 701 Possumus
703 642 963 703 humano
1009 642 1261 702 necdum
1305 662 1715 706 mansuescere
1762 645 1942 705 cultu.

230 751 310 792 530
342 730 499 799 Quid
542 731 764 791 totiens
810 733 1095 808 strepitus
1143 735 1204 792 et
1246 732 1457 793 inania
1498 733 1744 794 nomina
1786 754 1985 794 rerum

337 819 649 897 Fingimus
695 818 881 880 elati?
926 821 1205 881 Facimus
1248 822 1596 882 fundamine
1641 823 1808 883 nullo

339 907 632 970 Culmina.
725 909 881 979 Quid
925 910 1145 970 totiens
1192 911 1415 971 totiens
1460 911 1799 988 totiensque
1846 931 2128 973 vocamus

337 996 652 1059 Libertas?
701 998 858 1068 Quid
904 1000 1239 1074 concilium,
1287 1000 1432 1075 quid
1477 1001 1717 1077 publica
1761 1020 1856 1061 res
1903 1000 2035 1061 est?

339 1087 420 1146 Et
466 1088 610 1163 quid
654 1087 847 1147 Roma
891 1089 1055 1149 valet
1099 1089 1269 1148 nobis
1316 1089 1423 1149 ubi
1466 1092 1636 1150 curia
1674 1089 1915 1152 cessat?

230 1197 309 1238 535
337 1176 454 1236 Illa
498 1177 649 1235 mihi
692 1178 824 1237 visa
869 1180 961 1236 est
1005 1176 1186 1257 digno
1234 1178 1342 1237 sub
1388 1179 1657 1255 principe
1702 1198 1845 1239 vera

336 1264 630 1326 Libertas.
718 1266 888 1326 Felix
933 1285 1042 1327 nos
1087 1286 1230 1326 cura
1274 1268 1542 1328 tuebitur
1587 1288 1806 1343 omnes,

336 1354 536 1414 Plebis
580 1357 647 1414 in
693 1356 1010 1415 arbitrium
1055 1356 1299 1416 dabitur
1343 1375 1481 1417 oum
1527 1376 1759 1417 summa
1801 1355 2109 1433 potestas?

336 1443 600 1503 Fallitur
642 1444 759 1503 heu
803 1445 1056 1505 nimium
1102 1449 1309 1505 sancto
1355 1446 1464 1506 sub
1509 1447 1784 1523 praesule
1829 1447 2099 1523 quisquis

337 1532 664 1609 Imperium
710 1537 771 1593 et
813 1553 1006 1594 mores
1051 1535 1229 1612 longe
1274 1535 1623 1614 indignatus
1671 1536 1965 1596 abhorret.

229 1641 310 1683 540
336 1620 572 1700 Ingrati
619 1626 874 1698 quantos
920 1623 1149 1698 superis
1196 1623 1477 1685 debemus
1522 1625 1794 1699 honoreS‚

340 1709 487 1771 Cum
536 1711 808 1771 dederint
852 1712 1008 1771 nulli
1053 1712 1360 1772 dominum
1404 1713 1631 1789 pietate
1677 1714 2017 1789 secundum,

340 1799 452 1859 Cui
495 1818 605 1859 nec
648 1800 846 1877 prisca
890 1821 1097 1877 parem
1141 1802 1371 1861 meritis
1417 1821 1526 1861 nec
1570 1805 1776 1863 nostra
1819 1803 2089 1862 tulerunt

340 1888 591 1949 Saecula
635 1908 743 1949 nec
788 1892 1044 1949 similem
1088 1893 1373 1968 poterunt
1416 1895 1721 1967 praestare
1766 1892 1998 1951 futura!

338 1979 452 2039 Hic
497 1980 595 2039 hic
638 1983 847 2040 rector
879 1980 1066 2053 adest,
1112 1982 1218 2057 qui
1261 1983 1577 2041 maiestate
1622 1981 1913 2042 verendus

232 2088 308 2129 545
340 2069 614 2128 Sanctior
659 2069 918 2148 insurgit
960 2072 1249 2146 tantoque
1294 2071 1360 2129 in
1405 2071 1661 2131 culmine
1706 2090 1906 2130 rerum

335 2158 562 2218 Iustior
607 2161 668 2217 et
711 2161 841 2219 toto
885 2158 1062 2236 longe
1109 2159 1423 2219 sublimior
1466 2161 1606 2219 orbe

338 2247 546 2306 Mitior
591 2266 662 2307 ex
707 2248 836 2307 alta
878 2248 1161 2308 mortalia
1207 2249 1461 2324 despicit
1505 2250 1660 2308 aula.

340 2334 437 2396 Sic
483 2355 613 2415 ego,
656 2337 833 2412 plura
876 2337 1045 2415 loqui
1088 2356 1206 2396 nox
1251 2338 1609 2397 circumfusa
1653 2341 1821 2399 vetat
1864 2356 1987 2398 nos,

1030 2669 1260 2735 Liber
1305 2671 1681 2737 secundus

337 2801 629 2877 Liquerat
671 2803 902 2860 interea
949 2800 1205 2860 candens
1250 2801 1488 2861 Aurora
1533 2802 1726 2862 cubile

339 2888 626 2968 Coniugis
673 2892 735 2950 et
777 2889 964 2949 radiis
1011 2890 1214 2950 orbem
1258 2890 1550 2951 lustrarat
1593 2891 1840 2967 Ap01103

339 2979 602 3055 Quisque
650 2997 786 3039 suas
835 2982 992 3039 artes
1037 2979 1222 3039 variis
1268 2998 1631 3055 operumque
1677 2981 1910 3040 labores

337 3069 729 3145 Prosequitur
774 3068 1004 3128 studiis.
1097 3068 1369 3127 Turbant
1411 3087 1569 3128 nova
1614 3070 1826 3130 funera
1869 3073 2099 3130 mentes

286 3176 311 3218 5
338 3157 708 3233 Implicitam
755 3159 987 3217 sceleri:
1032 3159 1261 3217 secreta
1305 3176 1413 3233 per
1458 3160 1597 3218 avia
1640 3158 1801 3219 furto

339 3247 604 3307 Tendere
649 3248 902 3323 quisque
948 3247 1156 3324 fugam
1199 3248 1458 3306 tremula
1501 3266 1609 3307 nec
1654 3251 1821 3308 tutus
1869 3248 1943 3308 ab
1990 3267 2137 3307 aura

338 3337 572 3396 Nititur
617 3339 798 3412 atque
843 3337 1105 3412 equitem
1151 3337 1327 3416 longe
1376 3339 1683 3396 execratur
1726 3340 1787 3396 et
1831 3336 1960 3396 odit

483 3528 586 3578 532
622 3523 832 3578 totiens
887 3524 1209 3594 totiensque
1261 3524 1584 3594 totiensque
1646 3527 1666 3594 ΙΙ
1727 3527 1857 3594 post
1900 3543 1951 3578 v.
1983 3530 2084 3579 537
2142 3524 2367 3594 signum

338 3593 798 3665 interrogationis
826 3594 992 3665 posui
1018 3598 1038 3667 ΙΙ
1063 3597 1195 3666 post
1220 3613 1270 3650 v.
1292 3601 1397 3650 548
1435 3596 1602 3652 Finit
1620 3597 1840 3666 mimus
1865 3597 2065 3665 incipit
2083 3596 2368 3653 Secundus
