2650 3925
897 238 1014 292 1210
1053 238 1122 294 11.
1159 237 1374 294 PONT.
1413 240 1588 293 MAx.
1871 223 1896 264 s
2163 241 2251 306 49

226 390 435 450 Victor
481 390 555 449 ab
602 391 779 449 exilio
828 391 935 466 qui
977 391 1149 468 signa
1196 410 1266 449 ex
1311 391 1482 450 hoste
1526 395 1769 467 recepta

224 480 517 539 Restituit
560 481 810 556 patriae,
857 479 1025 537 tenui
1070 480 1225 539 latet
1269 480 1520 539 obrutus
1565 499 1733 540 urna.

225 569 472 646 Pompei
515 571 577 629 te
622 568 799 627 Nilus
845 568 1028 627 habet
1070 587 1181 628 nec
1225 569 1418 628 Roma
1466 567 1770 644 Catonem,

125 678 199 718 125
226 657 345 727 Qui
391 657 595 717 docuit
636 658 879 734 proprio
926 658 1214 716 scelerare
1259 658 1324 716 in
1370 661 1658 735 sanguine
1706 659 1992 720 dextram.

225 748 308 805 Te
356 748 529 807 dolor
568 748 687 806 heu
733 749 994 822 quantus
1038 748 1216 805 feriet
1260 749 1587 807 fortissime
1636 747 1833 823 Cesar,

225 835 291 894 Si
334 855 454 912 qua
498 838 629 912 pios
674 854 879 895 manes
924 838 1156 912 patriae
1202 836 1380 896 modo
1426 840 1626 915 gratia
1669 840 1873 915 tangit

224 924 343 985 Seu
387 926 581 1003 magis
628 929 792 985 astra
839 926 1016 999 colas,
1062 945 1198 985 cum
1242 945 1418 984 nemo
1465 927 1750 986 obsistere
1799 928 1990 987 Turco

222 1013 458 1074 Audeat
503 1017 564 1074 et
606 1018 780 1073 tanta
824 1015 1128 1089 trepident
1172 1015 1490 1074 formidine
1535 1019 1759 1093 genteS,

117 1124 195 1164 13⁰
224 1102 374 1162 Cum
420 1122 608 1182 genus
656 1122 789 1163 acre
833 1105 1031 1163 virum
1077 1106 1138 1164 et
1181 1103 1402 1180 pubem
1446 1105 1735 1165 Mavortis
1783 1106 2086 1163 alumnam

222 1192 441 1252 Condit
483 1195 717 1267 humus,
762 1195 1000 1252 tantum
1044 1196 1380 1253 monstrent
1424 1195 1661 1253 ruitura
1704 1194 1937 1254 labores

220 1283 456 1342 Moenia
501 1301 609 1341 nec
656 1284 976 1358 quicquam
1020 1285 1207 1342 restet
1251 1283 1372 1342 nisi
1415 1301 1632 1341 nomen
1677 1286 1739 1341 et
1783 1283 2009 1342 umbra.

220 1370 336 1429 Hei
381 1371 489 1430 ubi
530 1391 640 1447 pro
685 1373 886 1447 patria
930 1374 1038 1430 tua
1082 1372 1274 1430 Roma
1318 1374 1591 1447 potentia
1634 1391 1796 1432 nunc
1843 1374 1959 1432 est!

219 1460 504 1519 Exoriare
553 1461 774 1536 aliquis
818 1460 942 1519 Iuli
987 1460 1060 1518 de
1105 1462 1398 1538 sanguine
1442 1461 1677 1535 vindex,

115 1569 191 1609 135
219 1548 335 1619 Qui
379 1549 518 1608 fidei
566 1550 864 1609 accinctus
910 1549 1102 1625 clipeo
1148 1551 1322 1608 vocet
1368 1550 1610 1626 agmina
1654 1569 1864 1626 regum

219 1637 656 1714 Caesar-eosque
705 1638 881 1698 duces
925 1637 1220 1714 terrisque
1268 1641 1622 1697 exterminet
1665 1639 1883 1698 hostes.

218 1728 301 1787 Te
348 1727 464 1786 ciet
506 1727 616 1785 illa
661 1747 895 1803 parens,
942 1727 1112 1786 cuius
1158 1726 1269 1786 sub
1314 1730 1557 1786 numine
1601 1747 1808 1787 rursus

215 1815 405 1876 Laeta
448 1817 842 1892 triumphales
890 1813 1192 1892 Capitolia
1237 1816 1315 1875 ad
1362 1817 1489 1875 alta
1534 1816 1764 1877 videbis

216 1904 310 1964 Ire
356 1905 567 1965 ducum
619 1922 823 1965 currus
868 1906 1177 1982 victasque
1223 1925 1294 1966 ex
1340 1906 1547 1966 ordine
1592 1910 1814 1986 gentes.
1924 1959 1928 1964 .

12 2018 13 2055 ;
111 2014 190 2054 140
215 1995 488 2071 Namque
535 2015 712 2071 super
755 1995 982 2055 Poenos
1026 1994 1256 2055 Arabes
1300 1995 1613 2072 Ethyopas
1660 1999 1722 2055 et
1765 1996 1945 2055 Indos

218 2081 557 2161 Oceanique
602 2102 815 2143 manus
860 2086 1128 2143 austrum
1173 2083 1532 2161 boreamque
1578 2089 1889 2146 sonantem

212 2173 476 2249 Imperia
522 2173 797 2232 extendes
842 2173 1025 2232 nullis
1072 2173 1329 2232 confinia
1373 2174 1565 2234 terris.

213 2262 404 2340 Iunge
451 2264 606 2322 acies
651 2265 908 2336 tantum,
953 2262 1330 2322 Pandonides
1375 2262 1526 2322 adde
1571 2263 1807 2322 Latinis

214 2350 672 2427 Pannoniosque
718 2352 916 2425 duces,
963 2350 1198 2426 Caesar,
1245 2371 1394 2427 quos
1440 2352 1633 2411 Marte
1679 2352 1938 2412 lacessis,

106 2460 185 2501 145
216 2438 405 2509 Quam
451 2440 664 2499 melius
709 2443 840 2500 toto
889 2443 1171 2500 certasses
1218 2459 1465 2516 corpore
1509 2443 1682 2519 regni

210 2529 284 2587 In
332 2530 584 2590 Turcos:
629 2529 777 2588 haec
820 2531 940 2589 ista
986 2530 1153 2588 decet
1196 2548 1316 2588 non
1363 2532 1629 2606 tempore
1673 2530 1790 2589 tali

209 2618 435 2678 Militia
482 2621 543 2678 et
585 2618 823 2694 pulchri
865 2637 988 2677 non
1032 2621 1173 2677 sunt
1217 2618 1344 2677 sine
1390 2619 1567 2678 laude
1612 2619 1919 2697 triumphi.

209 2707 538 2783 Imperium
583 2709 636 2766 si
682 2707 826 2784 quid
872 2708 1086 2766 solitae
1131 2708 1377 2766 virtutis
1423 2711 1484 2766 et
1530 2709 1688 2768 altae

209 2797 549 2856 Maiestatis
594 2796 793 2872 habet,
838 2796 979 2855 fidei
1023 2797 1074 2855 si
1118 2796 1361 2856 vincula
1407 2797 1607 2871 sentiS,

99 2905 181 2946 150
208 2885 372 2945 Ante
417 2886 591 2945 deum
639 2886 869 2945 sancita
917 2881 1179 2968 (utinam
1223 2904 1343 2944 non
1385 2878 1590 2968 irrita)
1638 2887 1848 2946 dextra

206 2975 283 3033 In
329 2975 587 3035 Teucros
634 2975 861 3034 diverte
909 2976 1066 3034 acies
1113 2976 1174 3034 et
1219 2973 1420 3034 desine
1468 2976 1711 3052 coeptiS.

206 3064 268 3122 N
270 3083 349 3122 on
395 3064 563 3123 audis
610 3066 867 3141 gemitus
915 3067 976 3123 et
1022 3082 1226 3124 caesae
1270 3065 1484 3123 funera
1530 3063 1766 3143 gentis?

207 3152 367 3211 Ante
414 3171 548 3212 aras
594 3156 838 3230 sanguis
886 3154 1108 3213 clamat
1151 3152 1270 3212 tibi
1314 3154 1483 3213 fusus
1530 3154 1609 3213 ad
1654 3173 1842 3230 aureS‚

207 3242 370 3301 Ante
417 3243 617 3301 oculos
663 3246 891 3322 strages
937 3243 1245 3302 hominum
1289 3243 1628 3302 miseranda
1671 3244 1831 3303 iacet
1873 3263 2048 3303 nunc.

94 3351 176 3392 15⁶
209 3330 370 3400 Quid
415 3331 660 3392 tandem
706 3330 1024 3407 expectas?
1068 3332 1269 3392 Muros
1317 3333 1516 3408 quatit
1559 3333 1780 3408 impius
1824 3334 2014 3392 hostis

268 3543 454 3664 &129
489 3553 649 3606 reges
690 3538 745 3592 Β
789 3540 807 3606 ΙΙ
856 3542 956 3590 138
987 3537 1202 3592 videbit
1235 3537 1369 3593 AB.
1423 3537 1641 3593 videbis
1678 3538 1745 3606 X,
1778 3544 1896 3592 125.
1923 3541 1943 3609 ΙΙ
1973 3544 2074 3593 152
2103 3538 2236 3593 Nun

201 3626 265 3663 co
347 3650 361 3664 .

312 3707 536 3750 Horatius
564 3708 800 3748 Romanus
829 3708 898 3748 ed.
927 3708 964 3746 L
975 3718 1000 3747 e
1010 3709 1039 3747 h
1050 3720 1081 3747 n
1092 3719 1116 3748 e
1128 3720 1151 3748 r
1160 3709 1230 3748 dt.
1776 3704 1810 3752 4
