<?xml version="1.0" encoding="UTF-8"?>
<!DOCTYPE html PUBLIC "-//W3C//DTD XHTML 1.0 Transitional//EN"
    "http://www.w3.org/TR/xhtml1/DTD/xhtml1-transitional.dtd">
<html xmlns="http://www.w3.org/1999/xhtml" xml:lang="en" lang="en">
 <head>
  <title>
</title>
<meta http-equiv="Content-Type" content="text/html;charset=utf-8" />
  <meta name='ocr-system' content='tesseract 3.04.00' />
  <meta name='ocr-capabilities' content='ocr_page ocr_carea ocr_par ocr_line ocrx_word'/>
</head>
<body>
  <div class='ocr_page' id='page_1' title='image "./hporcariaseudec00lehngoog_0009.png"; bbox 0 0 2650 3925; ppageno 0'>
   <div class='ocr_carea' id='block_1_1' title="bbox 1060 224 2281 280">
    <p class='ocr_par' dir='ltr' id='par_1_1' title="bbox 1060 224 2281 280">
     <span class='ocr_line' id='line_1_1' title="bbox 1060 224 2281 280; baseline 0.002 -2"><span class='ocrx_word' id='word_1_1' title='bbox 1060 224 1473 280; x_wconf 79' lang='lat' dir='ltr'>PRAEFATIO</span> <span class='ocrx_word' id='word_1_2' title='bbox 2239 226 2281 280; x_wconf 94' lang='lat' dir='ltr'>V</span> 
     </span>
    </p>
   </div>
   <div class='ocr_carea' id='block_1_2' title="bbox 240 374 2291 2433">
    <p class='ocr_par' dir='ltr' id='par_1_2' title="bbox 240 374 2291 2433">
     <span class='ocr_line' id='line_1_2' title="bbox 250 374 2286 456; baseline 0.001 -22"><span class='ocrx_word' id='word_1_3' title='bbox 250 376 472 435; x_wconf 89' lang='lat' dir='ltr'>librum</span> <span class='ocrx_word' id='word_1_4' title='bbox 534 379 663 434; x_wconf 86' lang='lat' dir='ltr'>tam</span> <span class='ocrx_word' id='word_1_5' title='bbox 727 374 830 433; x_wconf 91' lang='lat' dir='ltr'>diu</span> <span class='ocrx_word' id='word_1_6' title='bbox 895 375 1310 435; x_wconf 87' lang='lat' dir='ltr'>desideratum.</span> <span class='ocrx_word' id='word_1_7' title='bbox 1405 378 1517 437; x_wconf 85' lang='lat' dir='ltr'>Est</span> <span class='ocrx_word' id='word_1_8' title='bbox 1579 377 1761 437; x_wconf 80' lang='lat' dir='ltr'><strong>codex</strong></span> <span class='ocrx_word' id='word_1_9' title='bbox 1826 379 1953 436; x_wconf 85' lang='lat'>826</span> <span class='ocrx_word' id='word_1_10' title='bbox 2022 378 2286 456; x_wconf 90' lang='lat' dir='ltr'>catalogi</span> 
     </span>
     <span class='ocr_line' id='line_1_3' title="bbox 252 455 2284 545; baseline 0.001 -21"><span class='ocrx_word' id='word_1_11' title='bbox 252 464 415 541; x_wconf 83' lang='lat' dir='ltr'>typis</span> <span class='ocrx_word' id='word_1_12' title='bbox 458 467 736 540; x_wconf 83' lang='lat' dir='ltr'>impressi</span> <span class='ocrx_word' id='word_1_13' title='bbox 717 455 817 545; x_wconf 88' lang='grc'>1),</span> <span class='ocrx_word' id='word_1_14' title='bbox 864 466 1101 525; x_wconf 86' lang='lat' dir='ltr'>noviter</span> <span class='ocrx_word' id='word_1_15' title='bbox 1146 467 1417 543; x_wconf 88' lang='lat' dir='ltr'>signatus</span> <span class='ocrx_word' id='word_1_16' title='bbox 1464 466 1571 526; x_wconf 90' lang='lat' dir='ltr'>Ms.</span> <span class='ocrx_word' id='word_1_17' title='bbox 1618 486 1743 527; x_wconf 85' lang='lat' dir='ltr'>var.</span> <span class='ocrx_word' id='word_1_18' title='bbox 1785 468 1933 542; x_wconf 88' lang='lat'>411,</span> <span class='ocrx_word' id='word_1_19' title='bbox 1992 467 2284 526; x_wconf 88' lang='lat' dir='ltr'>membra·</span> 
     </span>
     <span class='ocr_line' id='line_1_4' title="bbox 251 554 2284 632; baseline 0.002 -20"><span class='ocrx_word' id='word_1_20' title='bbox 251 572 487 630; x_wconf 72' lang='lat' dir='ltr'>naceuS,</span> <span class='ocrx_word' id='word_1_21' title='bbox 523 554 719 613; x_wconf 85' lang='lat' dir='ltr'>forma</span> <span class='ocrx_word' id='word_1_22' title='bbox 757 555 971 613; x_wconf 84' lang='lat' dir='ltr'>octava</span> <span class='ocrx_word' id='word_1_23' title='bbox 997 556 1240 614; x_wconf 90' lang='lat' dir='ltr'>minore.</span> <span class='ocrx_word' id='word_1_24' title='bbox 1337 554 1587 615; x_wconf 75' lang='lat' dir='ltr'><strong>Constat</strong></span> <span class='ocrx_word' id='word_1_25' title='bbox 1623 574 1693 614; x_wconf 84' lang='lat' dir='ltr'>ex</span> <span class='ocrx_word' id='word_1_26' title='bbox 1730 556 1952 617; x_wconf 84' lang='lat' dir='ltr'>chartis</span> <span class='ocrx_word' id='word_1_27' title='bbox 1991 557 2094 631; x_wconf 85' lang='lat'>36,</span> <span class='ocrx_word' id='word_1_28' title='bbox 2141 576 2284 632; x_wconf 90' lang='lat' dir='ltr'>quo·</span> 
     </span>
     <span class='ocr_line' id='line_1_5' title="bbox 249 642 2286 720; baseline 0.001 -19"><span class='ocrx_word' id='word_1_29' title='bbox 249 663 386 701; x_wconf 88' lang='lat' dir='ltr'>rum</span> <span class='ocrx_word' id='word_1_30' title='bbox 429 644 695 720; x_wconf 91' lang='lat' dir='ltr'>primum</span> <span class='ocrx_word' id='word_1_31' title='bbox 758 642 1089 719; x_wconf 83' lang='lat' dir='ltr'>ultimaque</span> <span class='ocrx_word' id='word_1_32' title='bbox 1145 646 1266 703; x_wconf 87' lang='lat' dir='ltr'>tria</span> <span class='ocrx_word' id='word_1_33' title='bbox 1318 646 1490 704; x_wconf 82' lang='lat' dir='ltr'>textu</span> <span class='ocrx_word' id='word_1_34' title='bbox 1554 647 1784 714; x_wconf 88' lang='lat' dir='ltr'>carent,</span> <span class='ocrx_word' id='word_1_35' title='bbox 1847 645 2135 704; x_wconf 86' lang='lat' dir='ltr'>lateribus</span> <span class='ocrx_word' id='word_1_36' title='bbox 2182 646 2286 704; x_wconf 91' lang='lat' dir='ltr'>ubi</span> 
     </span>
     <span class='ocr_line' id='line_1_6' title="bbox 251 732 2286 813; baseline 0.001 -23"><span class='ocrx_word' id='word_1_37' title='bbox 251 732 509 792; x_wconf 89' lang='lat' dir='ltr'>dissecta</span> <span class='ocrx_word' id='word_1_38' title='bbox 556 735 695 793; x_wconf 88' lang='lat' dir='ltr'>sunt</span> <span class='ocrx_word' id='word_1_39' title='bbox 720 733 871 791; x_wconf 85' lang='lat' dir='ltr'>folia</span> <span class='ocrx_word' id='word_1_40' title='bbox 899 751 1044 792; x_wconf 88' lang='lat' dir='ltr'>auro</span> <span class='ocrx_word' id='word_1_41' title='bbox 1090 735 1313 794; x_wconf 81' lang='lat' dir='ltr'>tinctis,</span> <span class='ocrx_word' id='word_1_42' title='bbox 1405 734 1479 793; x_wconf 91' lang='lat' dir='ltr'>In</span> <span class='ocrx_word' id='word_1_43' title='bbox 1525 734 1777 811; x_wconf 81' lang='lat' dir='ltr'>singulis</span> <span class='ocrx_word' id='word_1_44' title='bbox 1814 734 2053 813; x_wconf 78' lang='lat' dir='ltr'>paginis</span> <span class='ocrx_word' id='word_1_45' title='bbox 2090 736 2286 794; x_wconf 83' lang='lat' dir='ltr'>viceni</span> 
     </span>
     <span class='ocr_line' id='line_1_7' title="bbox 250 821 2287 901; baseline 0.002 -22"><span class='ocrx_word' id='word_1_46' title='bbox 250 821 395 900; x_wconf 89' lang='lat' dir='ltr'>bini,</span> <span class='ocrx_word' id='word_1_47' title='bbox 439 824 504 881; x_wconf 90' lang='lat' dir='ltr'>in</span> <span class='ocrx_word' id='word_1_48' title='bbox 548 824 756 897; x_wconf 83' lang='lat' dir='ltr'><strong>paucis</strong></span> <span class='ocrx_word' id='word_1_49' title='bbox 802 823 997 881; x_wconf 88' lang='lat' dir='ltr'>viceni</span> <span class='ocrx_word' id='word_1_50' title='bbox 1043 823 1265 901; x_wconf 75' lang='lat' dir='ltr'>singuli</span> <span class='ocrx_word' id='word_1_51' title='bbox 1309 842 1515 883; x_wconf 85' lang='lat' dir='ltr'>versus</span> <span class='ocrx_word' id='word_1_52' title='bbox 1562 842 1743 881; x_wconf 90' lang='lat' dir='ltr'>manu</span> <span class='ocrx_word' id='word_1_53' title='bbox 1788 822 2005 883; x_wconf 87' lang='lat' dir='ltr'>Italica</span> <span class='ocrx_word' id='word_1_54' title='bbox 2062 824 2287 883; x_wconf 88' lang='lat' dir='ltr'>saeculi</span> 
     </span>
     <span class='ocr_line' id='line_1_8' title="bbox 252 910 2286 992; baseline 0.001 -23"><span class='ocrx_word' id='word_1_55' title='bbox 252 911 448 987; x_wconf 85' lang='lat' dir='ltr'>quinti</span> <span class='ocrx_word' id='word_1_56' title='bbox 513 911 729 970; x_wconf 91' lang='lat' dir='ltr'>decimi</span> <span class='ocrx_word' id='word_1_57' title='bbox 801 910 1244 988; x_wconf 86' lang='lat' dir='ltr'>elegantissime</span> <span class='ocrx_word' id='word_1_58' title='bbox 1316 914 1529 988; x_wconf 89' lang='lat' dir='ltr'>scripti</span> <span class='ocrx_word' id='word_1_59' title='bbox 1599 916 1742 973; x_wconf 90' lang='lat' dir='ltr'>sunt</span> <span class='ocrx_word' id='word_1_60' title='bbox 1813 913 2066 992; x_wconf 86' lang='lat' dir='ltr'>singulis</span> <span class='ocrx_word' id='word_1_61' title='bbox 2138 914 2286 972; x_wconf 91' lang='lat' dir='ltr'>locis</span> 
     </span>
     <span class='ocr_line' id='line_1_9' title="bbox 251 1000 2285 1072; baseline 0.001 -14"><span class='ocrx_word' id='word_1_62' title='bbox 251 1000 510 1059; x_wconf 90' lang='lat' dir='ltr'>secunda</span> <span class='ocrx_word' id='word_1_63' title='bbox 583 1000 845 1060; x_wconf 89' lang='lat' dir='ltr'>eiusdem</span> <span class='ocrx_word' id='word_1_64' title='bbox 909 1001 1136 1060; x_wconf 88' lang='lat' dir='ltr'>saeculi</span> <span class='ocrx_word' id='word_1_65' title='bbox 1199 1020 1382 1060; x_wconf 89' lang='lat' dir='ltr'>manu</span> <span class='ocrx_word' id='word_1_66' title='bbox 1446 1003 1742 1063; x_wconf 68' lang='lat' dir='ltr'>correctis</span> <span class='ocrx_word' id='word_1_67' title='bbox 1845 1002 2007 1072; x_wconf 83' lang='lat' dir='ltr'>Quae</span> <span class='ocrx_word' id='word_1_68' title='bbox 2072 1019 2285 1061; x_wconf 88' lang='lat' dir='ltr'>manus</span> 
     </span>
     <span class='ocr_line' id='line_1_10' title="bbox 250 1089 2287 1167; baseline 0.001 -20"><span class='ocrx_word' id='word_1_69' title='bbox 250 1090 450 1149; x_wconf 91' lang='lat' dir='ltr'>nescio</span> <span class='ocrx_word' id='word_1_70' title='bbox 488 1108 566 1148; x_wconf 88' lang='lat' dir='ltr'>an</span> <span class='ocrx_word' id='word_1_71' title='bbox 601 1091 666 1147; x_wconf 92' lang='lat' dir='ltr'>in</span> <span class='ocrx_word' id='word_1_72' title='bbox 710 1089 981 1167; x_wconf 80' lang='lat' dir='ltr'>margine</span> <span class='ocrx_word' id='word_1_73' title='bbox 1029 1109 1264 1166; x_wconf 91' lang='lat' dir='ltr'>quoque</span> <span class='ocrx_word' id='word_1_74' title='bbox 1312 1091 1694 1152; x_wconf 77' lang='lat' dir='ltr'>adnotaverit</span> <span class='ocrx_word' id='word_1_75' title='bbox 1741 1093 1985 1151; x_wconf 89' lang='lat' dir='ltr'>nomina</span> <span class='ocrx_word' id='word_1_76' title='bbox 2038 1093 2287 1167; x_wconf 87' lang='lat' dir='ltr'>propria</span> 
     </span>
     <span class='ocr_line' id='line_1_11' title="bbox 254 1179 2287 1253; baseline 0.001 -17"><span class='ocrx_word' id='word_1_77' title='bbox 254 1197 406 1253; x_wconf 90' lang='lat' dir='ltr'>quae</span> <span class='ocrx_word' id='word_1_78' title='bbox 450 1179 515 1237; x_wconf 94' lang='lat' dir='ltr'>in</span> <span class='ocrx_word' id='word_1_79' title='bbox 558 1181 728 1238; x_wconf 83' lang='lat' dir='ltr'>textu</span> <span class='ocrx_word' id='word_1_80' title='bbox 787 1182 1108 1238; x_wconf 89' lang='lat' dir='ltr'>occurrunt</span> <span class='ocrx_word' id='word_1_81' title='bbox 1152 1181 1250 1240; x_wconf 79' lang='lat' dir='ltr'>vel</span> <span class='ocrx_word' id='word_1_82' title='bbox 1310 1181 1573 1240; x_wconf 76' lang='lat' dir='ltr'>attinent</span> <span class='ocrx_word' id='word_1_83' title='bbox 1627 1181 1704 1239; x_wconf 87' lang='lat' dir='ltr'>ad</span> <span class='ocrx_word' id='word_1_84' title='bbox 1765 1180 2045 1239; x_wconf 89' lang='lat' dir='ltr'>carminis</span> <span class='ocrx_word' id='word_1_85' title='bbox 2104 1180 2287 1240; x_wconf 83' lang='lat' dir='ltr'>verba</span> 
     </span>
     <span class='ocr_line' id='line_1_12' title="bbox 251 1267 2286 1346; baseline 0 -20"><span class='ocrx_word' id='word_1_86' title='bbox 251 1269 471 1327; x_wconf 89' lang='lat' dir='ltr'>rectius</span> <span class='ocrx_word' id='word_1_87' title='bbox 516 1267 943 1346; x_wconf 83' lang='lat' dir='ltr'>intellegenda3</span> <span class='ocrx_word' id='word_1_88' title='bbox 992 1269 1177 1329; x_wconf 93' lang='lat' dir='ltr'>etiam</span> <span class='ocrx_word' id='word_1_89' title='bbox 1222 1271 1489 1346; x_wconf 89' lang='lat' dir='ltr'>graviter</span> <span class='ocrx_word' id='word_1_90' title='bbox 1534 1269 1828 1344; x_wconf 85' lang='lat' dir='ltr'>quaedam</span> <span class='ocrx_word' id='word_1_91' title='bbox 1874 1269 2053 1343; x_wconf 88' lang='lat' dir='ltr'>dicta,</span> <span class='ocrx_word' id='word_1_92' title='bbox 2098 1270 2165 1328; x_wconf 92' lang='lat' dir='ltr'>in</span> <span class='ocrx_word' id='word_1_93' title='bbox 2208 1269 2286 1327; x_wconf 91' lang='lat' dir='ltr'>iis</span> 
     </span>
     <span class='ocr_line' id='line_1_13' title="bbox 249 1357 2285 1436; baseline 0 -20"><span class='ocrx_word' id='word_1_94' title='bbox 249 1358 384 1416; x_wconf 87' lang='lat' dir='ltr'>loca</span> <span class='ocrx_word' id='word_1_95' title='bbox 428 1358 507 1417; x_wconf 86' lang='lat' dir='ltr'>ad</span> <span class='ocrx_word' id='word_1_96' title='bbox 551 1359 807 1436; x_wconf 82' lang='lat' dir='ltr'>gloriam</span> <span class='ocrx_word' id='word_1_97' title='bbox 860 1357 1161 1434; x_wconf 87' lang='lat' dir='ltr'>pontificis</span> <span class='ocrx_word' id='word_1_98' title='bbox 1213 1359 1606 1434; x_wconf 84' lang='lat' dir='ltr'>pertinentia,</span> <span class='ocrx_word' id='word_1_99' title='bbox 1660 1360 1921 1434; x_wconf 89' lang='lat' dir='ltr'>itemque</span> <span class='ocrx_word' id='word_1_100' title='bbox 1978 1377 2285 1434; x_wconf 86' lang='lat' dir='ltr'>compara·</span> 
     </span>
     <span class='ocr_line' id='line_1_14' title="bbox 251 1447 2285 1525; baseline -0 -19"><span class='ocrx_word' id='word_1_101' title='bbox 251 1448 443 1506; x_wconf 90' lang='lat' dir='ltr'>tiones</span> <span class='ocrx_word' id='word_1_102' title='bbox 506 1450 776 1523; x_wconf 84' lang='lat' dir='ltr'>poeticae</span> <span class='ocrx_word' id='word_1_103' title='bbox 839 1447 904 1504; x_wconf 92' lang='lat' dir='ltr'>in</span> <span class='ocrx_word' id='word_1_104' title='bbox 965 1449 1237 1523; x_wconf 89' lang='lat' dir='ltr'>margine</span> <span class='ocrx_word' id='word_1_105' title='bbox 1301 1448 1460 1508; x_wconf 89' lang='lat' dir='ltr'>notis</span> <span class='ocrx_word' id='word_1_106' title='bbox 1525 1449 1816 1524; x_wconf 87' lang='lat' dir='ltr'>appositis</span> <span class='ocrx_word' id='word_1_107' title='bbox 1881 1448 2285 1525; x_wconf 86' lang='lat' dir='ltr'>designantur.</span> 
     </span>
     <span class='ocr_line' id='line_1_15' title="bbox 248 1536 2287 1614; baseline -0.001 -18"><span class='ocrx_word' id='word_1_108' title='bbox 248 1537 323 1596; x_wconf 89' lang='lat' dir='ltr'>In</span> <span class='ocrx_word' id='word_1_109' title='bbox 367 1539 561 1612; x_wconf 92' lang='lat' dir='ltr'>primo</span> <span class='ocrx_word' id='word_1_110' title='bbox 608 1536 757 1595; x_wconf 82' lang='lat' dir='ltr'>folio</span> <span class='ocrx_word' id='word_1_111' title='bbox 803 1554 985 1593; x_wconf 91' lang='lat' dir='ltr'>manu</span> <span class='ocrx_word' id='word_1_112' title='bbox 1032 1536 1255 1595; x_wconf 89' lang='lat' dir='ltr'>saeculi</span> <span class='ocrx_word' id='word_1_113' title='bbox 1301 1539 1545 1613; x_wconf 84' lang='lat' dir='ltr'>septimi</span> <span class='ocrx_word' id='word_1_114' title='bbox 1590 1536 1805 1597; x_wconf 88' lang='lat' dir='ltr'>decimi</span> <span class='ocrx_word' id='word_1_115' title='bbox 1852 1539 2077 1614; x_wconf 85' lang='lat' dir='ltr'>legitur</span> <span class='ocrx_word' id='word_1_116' title='bbox 2121 1537 2287 1595; x_wconf 91' lang='lat' dir='ltr'>locus</span> 
     </span>
     <span class='ocr_line' id='line_1_16' title="bbox 253 1617 2288 1707; baseline 0.001 -24"><span class='ocrx_word' id='word_1_117' title='bbox 253 1626 497 1701; x_wconf 88' lang='lat' dir='ltr'>quidam</span> <span class='ocrx_word' id='word_1_118' title='bbox 571 1644 641 1683; x_wconf 83' lang='lat' dir='ltr'>ex</span> <span class='ocrx_word' id='word_1_119' title='bbox 715 1622 995 1683; x_wconf 83' lang='lat' dir='ltr'>Sabellici</span> <span class='ocrx_word' id='word_1_120' title='bbox 1057 1625 1197 1684; x_wconf 93' lang='lat' dir='ltr'>hist.</span> <span class='ocrx_word' id='word_1_121' title='bbox 1234 1624 1384 1684; x_wconf 91' lang='lat' dir='ltr'>Ven.</span> <span class='ocrx_word' id='word_1_122' title='bbox 1421 1626 1526 1685; x_wconf 89' lang='lat' dir='ltr'>lib.</span> <span class='ocrx_word' id='word_1_123' title='bbox 1563 1626 1820 1685; x_wconf 84' lang='lat' dir='ltr'><strong>XXVH⁰</strong></span> <span class='ocrx_word' id='word_1_124' title='bbox 1892 1629 2202 1702; x_wconf 86' lang='lat' dir='ltr'>excerptus</span> <span class='ocrx_word' id='word_1_125' title='bbox 2216 1617 2288 1707; x_wconf 68' lang='lat'>²),</span> 
     </span>
     <span class='ocr_line' id='line_1_17' title="bbox 252 1713 2288 1790; baseline 0.001 -19"><span class='ocrx_word' id='word_1_126' title='bbox 252 1713 358 1772; x_wconf 90' lang='lat' dir='ltr'>ubi</span> <span class='ocrx_word' id='word_1_127' title='bbox 421 1713 550 1790; x_wconf 89' lang='lat' dir='ltr'>agit</span> <span class='ocrx_word' id='word_1_128' title='bbox 613 1713 684 1772; x_wconf 94' lang='lat' dir='ltr'>de</span> <span class='ocrx_word' id='word_1_129' title='bbox 749 1713 1156 1773; x_wconf 86' lang='lat' dir='ltr'>coniuratione</span> <span class='ocrx_word' id='word_1_130' title='bbox 1222 1715 1515 1790; x_wconf 84' lang='lat' dir='ltr'>Stephani</span> <span class='ocrx_word' id='word_1_131' title='bbox 1568 1714 1852 1776; x_wconf 87' lang='lat' dir='ltr'>Porcarii.</span> <span class='ocrx_word' id='word_1_132' title='bbox 1920 1715 2031 1775; x_wconf 84' lang='lat' dir='ltr'>Cui</span> <span class='ocrx_word' id='word_1_133' title='bbox 2095 1715 2288 1775; x_wconf 89' lang='lat' dir='ltr'>altera</span> 
     </span>
     <span class='ocr_line' id='line_1_18' title="bbox 252 1801 2289 1880; baseline 0.001 -21"><span class='ocrx_word' id='word_1_134' title='bbox 252 1820 451 1877; x_wconf 89' lang='lat' dir='ltr'>manu,</span> <span class='ocrx_word' id='word_1_135' title='bbox 492 1820 660 1877; x_wconf 90' lang='lat' dir='ltr'>quae,</span> <span class='ocrx_word' id='word_1_136' title='bbox 687 1804 758 1860; x_wconf 93' lang='lat' dir='ltr'>ut</span> <span class='ocrx_word' id='word_1_137' title='bbox 794 1801 1059 1862; x_wconf 83' lang='lat' dir='ltr'>affirmat</span> <span class='ocrx_word' id='word_1_138' title='bbox 1083 1802 1445 1863; x_wconf 89' lang='lat' dir='ltr'>Vermeulen</span> <span class='ocrx_word' id='word_1_139' title='bbox 1472 1804 1509 1862; x_wconf 91' lang='lat' dir='ltr'>l.</span> <span class='ocrx_word' id='word_1_140' title='bbox 1532 1822 1600 1879; x_wconf 88' lang='lat' dir='ltr'>c.,</span> <span class='ocrx_word' id='word_1_141' title='bbox 1639 1804 1827 1880; x_wconf 90' lang='lat' dir='ltr'>ipsius</span> <span class='ocrx_word' id='word_1_142' title='bbox 1856 1807 1946 1866; x_wconf 90' lang='lat' dir='ltr'>est</span> <span class='ocrx_word' id='word_1_143' title='bbox 1972 1803 2289 1878; x_wconf 90' lang='lat' dir='ltr'>Buchellii,</span> 
     </span>
     <span class='ocr_line' id='line_1_19' title="bbox 253 1890 2290 1970; baseline 0.002 -21"><span class='ocrx_word' id='word_1_144' title='bbox 253 1890 460 1950; x_wconf 89' lang='lat' dir='ltr'>addita</span> <span class='ocrx_word' id='word_1_145' title='bbox 507 1892 647 1950; x_wconf 89' lang='lat' dir='ltr'>sunt</span> <span class='ocrx_word' id='word_1_146' title='bbox 689 1890 859 1951; x_wconf 88' lang='lat' dir='ltr'>haec:</span> <span class='ocrx_word' id='word_1_147' title='bbox 923 1893 1034 1952; x_wconf 78' lang='lat' dir='ltr'>hac</span> <span class='ocrx_word' id='word_1_148' title='bbox 1085 1896 1433 1954; x_wconf 75' lang='lat' dir='ltr'>narratione</span> <span class='ocrx_word' id='word_1_149' title='bbox 1495 1896 1818 1954; x_wconf 53' lang='lat' dir='ltr'>continetur</span> <span class='ocrx_word' id='word_1_150' title='bbox 1879 1899 2290 1970; x_wconf 62' lang='lat' dir='ltr'>armamentum</span> 
     </span>
     <span class='ocr_line' id='line_1_20' title="bbox 250 1982 2289 2057; baseline 0.002 -18"><span class='ocrx_word' id='word_1_151' title='bbox 250 1982 428 2040; x_wconf 76' lang='lat' dir='ltr'>haias</span> <span class='ocrx_word' id='word_1_152' title='bbox 462 1984 768 2055; x_wconf 70' lang='lat' dir='ltr'>poematis.</span> <span class='ocrx_word' id='word_1_153' title='bbox 859 1985 1029 2042; x_wconf 77' lang='lat' dir='ltr'>cuius</span> <span class='ocrx_word' id='word_1_154' title='bbox 1073 2001 1295 2057; x_wconf 79' lang='lat' dir='ltr'>quoque</span> <span class='ocrx_word' id='word_1_155' title='bbox 1339 1987 1428 2044; x_wconf 80' lang='lat' dir='ltr'>rei</span> <span class='ocrx_word' id='word_1_156' title='bbox 1470 1986 1735 2044; x_wconf 70' lang='lat' dir='ltr'>meminit</span> <span class='ocrx_word' id='word_1_157' title='bbox 1767 1985 2012 2043; x_wconf 78' lang='lat' dir='ltr'>Platina</span> <span class='ocrx_word' id='word_1_158' title='bbox 2054 1987 2122 2043; x_wconf 83' lang='lat' dir='ltr'>in</span> <span class='ocrx_word' id='word_1_159' title='bbox 2165 1987 2289 2043; x_wconf 81' lang='lat' dir='ltr'>vita</span> 
     </span>
     <span class='ocr_line' id='line_1_21' title="bbox 249 2071 2291 2148; baseline 0 -19"><span class='ocrx_word' id='word_1_160' title='bbox 249 2072 395 2130; x_wconf 78' lang='lat' dir='ltr'>Nic:</span> <span class='ocrx_word' id='word_1_161' title='bbox 453 2071 517 2131; x_wconf 88' lang='lat' dir='ltr'>V.</span> <span class='ocrx_word' id='word_1_162' title='bbox 555 2072 789 2144; x_wconf 77' lang='lat' dir='ltr'>pontif:</span> <span class='ocrx_word' id='word_1_163' title='bbox 852 2073 906 2130; x_wconf 75' lang='lat' dir='ltr'>et</span> <span class='ocrx_word' id='word_1_164' title='bbox 968 2088 1036 2130; x_wconf 79' lang='lat' dir='ltr'>ex</span> <span class='ocrx_word' id='word_1_165' title='bbox 1090 2089 1152 2131; x_wconf 84' lang='lat' dir='ltr'>eo</span> <span class='ocrx_word' id='word_1_166' title='bbox 1217 2074 1511 2133; x_wconf 77' lang='lat' dir='ltr'>Benteras</span> <span class='ocrx_word' id='word_1_167' title='bbox 1572 2076 1639 2133; x_wconf 78' lang='lat' dir='ltr'>in</span> <span class='ocrx_word' id='word_1_168' title='bbox 1702 2074 2019 2148; x_wconf 75' lang='lat' dir='ltr'>Ephemeri</span> <span class='ocrx_word' id='word_1_169' title='bbox 2081 2074 2291 2132; x_wconf 78' lang='lat' dir='ltr'>Histo:</span> 
     </span>
     <span class='ocr_line' id='line_1_22' title="bbox 240 2158 2289 2233; baseline 0.001 -14"><span class='ocrx_word' id='word_1_170' title='bbox 240 2179 331 2233; x_wconf 78' lang='lat' dir='ltr'>pa</span> <span class='ocrx_word' id='word_1_171' title='bbox 367 2162 472 2219; x_wconf 82' lang='lat'>27.</span> <span class='ocrx_word' id='word_1_172' title='bbox 519 2192 608 2200; x_wconf 91' lang='lat'><strong>—</strong></span> <span class='ocrx_word' id='word_1_173' title='bbox 653 2158 881 2218; x_wconf 84' lang='lat' dir='ltr'>Eadem</span> <span class='ocrx_word' id='word_1_174' title='bbox 944 2161 1015 2218; x_wconf 92' lang='lat' dir='ltr'>ut</span> <span class='ocrx_word' id='word_1_175' title='bbox 1076 2161 1359 2222; x_wconf 85' lang='lat' dir='ltr'>videntur</span> <span class='ocrx_word' id='word_1_176' title='bbox 1420 2181 1603 2221; x_wconf 89' lang='lat' dir='ltr'>manu</span> <span class='ocrx_word' id='word_1_177' title='bbox 1662 2162 1724 2220; x_wconf 92' lang='lat' dir='ltr'>in</span> <span class='ocrx_word' id='word_1_178' title='bbox 1789 2162 2004 2221; x_wconf 87' lang='lat' dir='ltr'>ultima</span> <span class='ocrx_word' id='word_1_179' title='bbox 2069 2162 2289 2221; x_wconf 89' lang='lat' dir='ltr'>codicis</span> 
     </span>
     <span class='ocr_line' id='line_1_23' title="bbox 251 2249 1073 2327; baseline 0.001 -20"><span class='ocrx_word' id='word_1_180' title='bbox 251 2251 475 2327; x_wconf 88' lang='lat' dir='ltr'>pagina</span> <span class='ocrx_word' id='word_1_181' title='bbox 522 2250 745 2325; x_wconf 87' lang='lat' dir='ltr'>scripta</span> <span class='ocrx_word' id='word_1_182' title='bbox 790 2249 1073 2327; x_wconf 88' lang='lat' dir='ltr'>leguntur</span> 
     </span>
     <span class='ocr_line' id='line_1_24' title="bbox 518 2356 2155 2433; baseline 0.001 -18"><span class='ocrx_word' id='word_1_183' title='bbox 518 2357 701 2415; x_wconf 76' lang='lat' dir='ltr'>Hunc</span> <span class='ocrx_word' id='word_1_184' title='bbox 744 2357 963 2415; x_wconf 79' lang='lat' dir='ltr'>librwm</span> <span class='ocrx_word' id='word_1_185' title='bbox 1008 2360 1145 2416; x_wconf 78' lang='lat' dir='ltr'>emit</span> <span class='ocrx_word' id='word_1_186' title='bbox 1187 2360 1256 2417; x_wconf 81' lang='lat' dir='ltr'>in</span> <span class='ocrx_word' id='word_1_187' title='bbox 1301 2361 1569 2418; x_wconf 78' lang='lat' dir='ltr'>auctione</span> <span class='ocrx_word' id='word_1_188' title='bbox 1610 2357 1660 2416; x_wconf 78' lang='lat' dir='ltr'><strong><em>S</em></strong></span> <span class='ocrx_word' id='word_1_189' title='bbox 1700 2356 2155 2433; x_wconf 74' lang='lat' dir='ltr'>Aldeyondiama</span> 
     </span>
    </p>
   </div>
   <div class='ocr_carea' id='block_1_3' title="bbox 661 2443 1091 2450">
    <p class='ocr_par' dir='ltr' id='par_1_3' title="bbox 661 2443 1091 2450">
     <span class='ocr_line' id='line_1_25' title="bbox 661 2443 1091 2450; baseline 0.002 -1"><span class='ocrx_word' id='word_1_190' title='bbox 661 2443 1091 2450; x_wconf 53' lang='grc' dir='ltr'>ᾟ--σ-ι-</span> 
     </span>
    </p>
   </div>
   <div class='ocr_carea' id='block_1_4' title="bbox 519 2458 2177 2526">
    <p class='ocr_par' dir='ltr' id='par_1_4' title="bbox 519 2458 2177 2526">
     <span class='ocr_line' id='line_1_26' title="bbox 519 2458 2177 2526; baseline 0.001 -5"><span class='ocrx_word' id='word_1_191' title='bbox 519 2462 608 2521; x_wconf 88' lang='lat' dir='ltr'>A⁰</span> <span class='ocrx_word' id='word_1_192' title='bbox 646 2458 791 2523; x_wconf 77' lang='lat' dir='ltr'>(D</span> <span class='ocrx_word' id='word_1_193' title='bbox 848 2461 940 2526; x_wconf 77' lang='lat' dir='ltr'>I)</span> <span class='ocrx_word' id='word_1_194' title='bbox 998 2460 1094 2524; x_wconf 84' lang='lat' dir='ltr'>Ic</span> <span class='ocrx_word' id='word_1_195' title='bbox 1140 2463 1448 2523; x_wconf 81' lang='lat' dir='ltr'>Arnoldas</span> <span class='ocrx_word' id='word_1_196' title='bbox 1492 2465 1837 2523; x_wconf 78' lang='lat' dir='ltr'>Buchellius</span> <span class='ocrx_word' id='word_1_197' title='bbox 1882 2464 2177 2524; x_wconf 80' lang='lat' dir='ltr'>Batauus,</span> 
     </span>
    </p>
   </div>
   <div class='ocr_carea' id='block_1_5' title="bbox 253 2569 2291 3097">
    <p class='ocr_par' dir='ltr' id='par_1_5' title="bbox 253 2569 2291 3097">
     <span class='ocr_line' id='line_1_27' title="bbox 391 2569 2289 2649; baseline 0.002 -22"><span class='ocrx_word' id='word_1_198' title='bbox 391 2569 519 2639; x_wconf 83' lang='lat' dir='ltr'>Quo</span> <span class='ocrx_word' id='word_1_199' title='bbox 584 2569 784 2630; x_wconf 91' lang='lat' dir='ltr'>codice</span> <span class='ocrx_word' id='word_1_200' title='bbox 848 2590 1002 2647; x_wconf 89' lang='lat' dir='ltr'>quae</span> <span class='ocrx_word' id='word_1_201' title='bbox 1067 2572 1450 2631; x_wconf 88' lang='lat' dir='ltr'>continentur</span> <span class='ocrx_word' id='word_1_202' title='bbox 1511 2589 1647 2630; x_wconf 91' lang='lat' dir='ltr'>cum</span> <span class='ocrx_word' id='word_1_203' title='bbox 1709 2571 1887 2647; x_wconf 89' lang='lat' dir='ltr'>plane</span> <span class='ocrx_word' id='word_1_204' title='bbox 1954 2573 2289 2649; x_wconf 89' lang='lat' dir='ltr'>congruant</span> 
     </span>
     <span class='ocr_line' id='line_1_28' title="bbox 254 2659 2289 2737; baseline 0.001 -20"><span class='ocrx_word' id='word_1_205' title='bbox 254 2678 390 2718; x_wconf 90' lang='lat' dir='ltr'>cum</span> <span class='ocrx_word' id='word_1_206' title='bbox 438 2659 797 2718; x_wconf 81' lang='lat' dir='ltr'>carminibus</span> <span class='ocrx_word' id='word_1_207' title='bbox 844 2678 881 2719; x_wconf 92' lang='lat' dir='ltr'>a</span> <span class='ocrx_word' id='word_1_208' title='bbox 916 2661 1131 2720; x_wconf 90' lang='lat' dir='ltr'>Vossio</span> <span class='ocrx_word' id='word_1_209' title='bbox 1180 2660 1382 2719; x_wconf 87' lang='lat' dir='ltr'>allatis</span> <span class='ocrx_word' id='word_1_210' title='bbox 1426 2678 1545 2718; x_wconf 89' lang='lat' dir='ltr'>non</span> <span class='ocrx_word' id='word_1_211' title='bbox 1593 2659 1767 2719; x_wconf 89' lang='lat' dir='ltr'>debet</span> <span class='ocrx_word' id='word_1_212' title='bbox 1813 2659 2093 2734; x_wconf 90' lang='lat' dir='ltr'>dubitari,</span> <span class='ocrx_word' id='word_1_213' title='bbox 2142 2662 2289 2737; x_wconf 90' lang='lat' dir='ltr'>quin</span> 
     </span>
     <span class='ocr_line' id='line_1_29' title="bbox 253 2746 2291 2825; baseline 0.001 -19"><span class='ocrx_word' id='word_1_214' title='bbox 253 2748 405 2807; x_wconf 90' lang='lat' dir='ltr'>liber</span> <span class='ocrx_word' id='word_1_215' title='bbox 453 2746 1064 2809; x_wconf 85' lang='lat' dir='ltr'>Rheno-Traiectinus</span> <span class='ocrx_word' id='word_1_216' title='bbox 1119 2749 1279 2807; x_wconf 86' lang='lat' dir='ltr'>idem</span> <span class='ocrx_word' id='word_1_217' title='bbox 1333 2750 1416 2808; x_wconf 89' lang='lat' dir='ltr'>sit</span> <span class='ocrx_word' id='word_1_218' title='bbox 1468 2768 1586 2824; x_wconf 90' lang='lat' dir='ltr'>quo</span> <span class='ocrx_word' id='word_1_219' title='bbox 1644 2750 1946 2825; x_wconf 90' lang='lat' dir='ltr'>quondam</span> <span class='ocrx_word' id='word_1_220' title='bbox 1999 2768 2140 2809; x_wconf 88' lang='lat' dir='ltr'>usus</span> <span class='ocrx_word' id='word_1_221' title='bbox 2198 2752 2291 2808; x_wconf 90' lang='lat' dir='ltr'>est</span> 
     </span>
     <span class='ocr_line' id='line_1_30' title="bbox 253 2836 2287 2899; baseline 0.001 -5"><span class='ocrx_word' id='word_1_222' title='bbox 253 2836 519 2898; x_wconf 85' lang='lat' dir='ltr'>Vossius.</span> <span class='ocrx_word' id='word_1_223' title='bbox 613 2837 703 2896; x_wconf 92' lang='lat' dir='ltr'>De</span> <span class='ocrx_word' id='word_1_224' title='bbox 748 2837 1017 2897; x_wconf 90' lang='lat' dir='ltr'>Arnoldo</span> <span class='ocrx_word' id='word_1_225' title='bbox 1072 2838 1384 2897; x_wconf 92' lang='lat' dir='ltr'>Buchellio</span> <span class='ocrx_word' id='word_1_226' title='bbox 1438 2840 1667 2897; x_wconf 90' lang='lat' dir='ltr'>minore</span> <span class='ocrx_word' id='word_1_227' title='bbox 1722 2838 2143 2899; x_wconf 89' lang='lat' dir='ltr'>iurisconsulto</span> <span class='ocrx_word' id='word_1_228' title='bbox 2197 2859 2287 2897; x_wconf 90' lang='lat' dir='ltr'>re-</span> 
     </span>
     <span class='ocr_line' id='line_1_31' title="bbox 253 2926 2286 3004; baseline 0.001 -20"><span class='ocrx_word' id='word_1_229' title='bbox 253 2946 506 3002; x_wconf 89' lang='lat' dir='ltr'>rumque</span> <span class='ocrx_word' id='word_1_230' title='bbox 555 2928 842 3003; x_wconf 83' lang='lat' dir='ltr'>scriptore</span> <span class='ocrx_word' id='word_1_231' title='bbox 888 2926 1048 2986; x_wconf 90' lang='lat' dir='ltr'>haud</span> <span class='ocrx_word' id='word_1_232' title='bbox 1092 2926 1364 3004; x_wconf 90' lang='lat' dir='ltr'>ignobili,</span> <span class='ocrx_word' id='word_1_233' title='bbox 1420 2926 1523 3001; x_wconf 89' lang='lat' dir='ltr'>qui</span> <span class='ocrx_word' id='word_1_234' title='bbox 1568 2927 1722 2987; x_wconf 82' lang='lat' dir='ltr'>vixit</span> <span class='ocrx_word' id='word_1_235' title='bbox 1767 2928 1842 2988; x_wconf 88' lang='lat' dir='ltr'>ab</span> <span class='ocrx_word' id='word_1_236' title='bbox 1898 2947 2053 2988; x_wconf 84' lang='lat' dir='ltr'>anno</span> <span class='ocrx_word' id='word_1_237' title='bbox 2114 2928 2286 2987; x_wconf 85' lang='lat'>1565</span> 
     </span>
     <span class='ocr_line' id='line_1_32' title="bbox 253 3007 2289 3097; baseline -0.001 -21"><span class='ocrx_word' id='word_1_238' title='bbox 253 3035 445 3092; x_wconf 88' lang='lat' dir='ltr'>usque</span> <span class='ocrx_word' id='word_1_239' title='bbox 492 3015 570 3075; x_wconf 92' lang='lat' dir='ltr'>ad</span> <span class='ocrx_word' id='word_1_240' title='bbox 618 3035 839 3075; x_wconf 89' lang='lat' dir='ltr'>annum</span> <span class='ocrx_word' id='word_1_241' title='bbox 889 3017 1057 3075; x_wconf 86' lang='lat'>1645</span> <span class='ocrx_word' id='word_1_242' title='bbox 1073 3007 1153 3097; x_wconf 77' lang='lat'>³),</span> <span class='ocrx_word' id='word_1_243' title='bbox 1206 3016 1546 3092; x_wconf 85' lang='lat' dir='ltr'>nuperrime</span> <span class='ocrx_word' id='word_1_244' title='bbox 1598 3017 1725 3094; x_wconf 90' lang='lat' dir='ltr'>egit</span> <span class='ocrx_word' id='word_1_245' title='bbox 1770 3036 1887 3076; x_wconf 84' lang='lat' dir='ltr'>van</span> <span class='ocrx_word' id='word_1_246' title='bbox 1932 3015 2289 3094; x_wconf 89' lang='lat' dir='ltr'>Langeraad</span> 
     </span>
    </p>
   </div>
   <div class='ocr_carea' id='block_1_6' title="bbox 254 3146 680 3154">
    <p class='ocr_par' dir='ltr' id='par_1_6' title="bbox 254 3146 680 3154">
     <span class='ocr_line' id='line_1_33' title="bbox 254 3146 680 3154; baseline 0 771"><span class='ocrx_word' id='word_1_247' title='bbox 254 3146 680 3154; x_wconf 95' lang='lat' dir='ltr'> </span> 
     </span>
    </p>
   </div>
   <div class='ocr_carea' id='block_1_7' title="bbox 254 3217 2311 3646">
    <p class='ocr_par' dir='ltr' id='par_1_7' title="bbox 256 3217 2289 3364">
     <span class='ocr_line' id='line_1_34' title="bbox 402 3217 2289 3290; baseline 0.001 -16"><span class='ocrx_word' id='word_1_248' title='bbox 402 3223 454 3290; x_wconf 90' lang='lat'>1)</span> <span class='ocrx_word' id='word_1_249' title='bbox 496 3217 672 3275; x_wconf 86' lang='lat' dir='ltr'>Catal.</span> <span class='ocrx_word' id='word_1_250' title='bbox 740 3221 900 3276; x_wconf 89' lang='lat' dir='ltr'>codd.</span> <span class='ocrx_word' id='word_1_251' title='bbox 965 3239 1093 3275; x_wconf 88' lang='lat' dir='ltr'>mss.</span> <span class='ocrx_word' id='word_1_252' title='bbox 1165 3221 1539 3277; x_wconf 85' lang='lat' dir='ltr'>bibliothecae</span> <span class='ocrx_word' id='word_1_253' title='bbox 1612 3221 1999 3278; x_wconf 84' lang='lat' dir='ltr'>universitatis</span> <span class='ocrx_word' id='word_1_254' title='bbox 2067 3222 2289 3276; x_wconf 88' lang='lat' dir='ltr'>Rheno·</span> 
     </span>
     <span class='ocr_line' id='line_1_35' title="bbox 256 3290 1760 3364; baseline 0.002 -19"><span class='ocrx_word' id='word_1_255' title='bbox 256 3290 630 3360; x_wconf 86' lang='lat' dir='ltr'>Traiectinae,</span> <span class='ocrx_word' id='word_1_256' title='bbox 669 3291 914 3347; x_wconf 82' lang='lat' dir='ltr'>Traiecti</span> <span class='ocrx_word' id='word_1_257' title='bbox 950 3293 1024 3346; x_wconf 89' lang='lat' dir='ltr'>ad</span> <span class='ocrx_word' id='word_1_258' title='bbox 1059 3292 1319 3347; x_wconf 84' lang='lat' dir='ltr'>Rhenum</span> <span class='ocrx_word' id='word_1_259' title='bbox 1359 3299 1514 3362; x_wconf 85' lang='grc'>1887,</span> <span class='ocrx_word' id='word_1_260' title='bbox 1551 3312 1606 3364; x_wconf 92' lang='lat' dir='ltr'>p.</span> <span class='ocrx_word' id='word_1_261' title='bbox 1639 3299 1760 3348; x_wconf 81' lang='lat'>213.</span> 
     </span>
    </p>

    <p class='ocr_par' dir='ltr' id='par_1_8' title="bbox 256 3363 2311 3504">
     <span class='ocr_line' id='line_1_36' title="bbox 403 3363 2311 3435; baseline 0 -17"><span class='ocrx_word' id='word_1_262' title='bbox 403 3366 456 3432; x_wconf 82' lang='lat'>2)</span> <span class='ocrx_word' id='word_1_263' title='bbox 493 3363 595 3417; x_wconf 88' lang='lat' dir='ltr'>Ed.</span> <span class='ocrx_word' id='word_1_264' title='bbox 633 3363 804 3419; x_wconf 86' lang='lat' dir='ltr'>Basil.</span> <span class='ocrx_word' id='word_1_265' title='bbox 846 3369 982 3417; x_wconf 85' lang='grc'>1669</span> <span class='ocrx_word' id='word_1_266' title='bbox 1020 3381 1073 3433; x_wconf 91' lang='lat' dir='ltr'>p.</span> <span class='ocrx_word' id='word_1_267' title='bbox 1106 3370 1227 3419; x_wconf 81' lang='lat'>520.</span> <span class='ocrx_word' id='word_1_268' title='bbox 1301 3364 1536 3435; x_wconf 81' lang='lat' dir='ltr'>Incipit.</span> <span class='ocrx_word' id='word_1_269' title='bbox 1574 3365 1677 3420; x_wconf 90' lang='lat' dir='ltr'>His</span> <span class='ocrx_word' id='word_1_270' title='bbox 1705 3366 1875 3420; x_wconf 85' lang='lat' dir='ltr'>minis</span> <span class='ocrx_word' id='word_1_271' title='bbox 1912 3364 2190 3420; x_wconf 87' lang='lat' dir='ltr'>bellorum</span> <span class='ocrx_word' id='word_1_272' title='bbox 2220 3370 2311 3406; x_wconf 76' lang='lat'>—‘</span> 
     </span>
     <span class='ocr_line' id='line_1_37' title="bbox 256 3433 1322 3504; baseline 0.005 -17"><span class='ocrx_word' id='word_1_273' title='bbox 256 3433 445 3503; x_wconf 72' lang='lat' dir='ltr'>Explx</span> <span class='ocrx_word' id='word_1_274' title='bbox 487 3435 561 3490; x_wconf 88' lang='lat' dir='ltr'>ad</span> <span class='ocrx_word' id='word_1_275' title='bbox 599 3435 932 3504; x_wconf 83' lang='lat' dir='ltr'>supplitium</span> <span class='ocrx_word' id='word_1_276' title='bbox 967 3437 1182 3490; x_wconf 83' lang='lat' dir='ltr'>tractus</span> <span class='ocrx_word' id='word_1_277' title='bbox 1219 3439 1322 3492; x_wconf 87' lang='lat' dir='ltr'>est.</span> 
     </span>
    </p>

    <p class='ocr_par' dir='ltr' id='par_1_9' title="bbox 254 3506 2288 3646">
     <span class='ocr_line' id='line_1_38' title="bbox 403 3506 2288 3578; baseline 0.001 -19"><span class='ocrx_word' id='word_1_278' title='bbox 403 3509 455 3576; x_wconf 79' lang='lat'>3)</span> <span class='ocrx_word' id='word_1_279' title='bbox 490 3506 911 3560; x_wconf 86' lang='lat' dir='ltr'>Burmannus</span> <span class='ocrx_word' id='word_1_280' title='bbox 950 3506 1290 3578; x_wconf 84' lang='lat' dir='ltr'>(Traiectum</span> <span class='ocrx_word' id='word_1_281' title='bbox 1327 3508 1612 3563; x_wconf 87' lang='lat' dir='ltr'>eruditum</span> <span class='ocrx_word' id='word_1_282' title='bbox 1640 3508 1787 3562; x_wconf 87' lang='lat' dir='ltr'>Trai.</span> <span class='ocrx_word' id='word_1_283' title='bbox 1820 3509 1894 3563; x_wconf 90' lang='lat' dir='ltr'>ad</span> <span class='ocrx_word' id='word_1_284' title='bbox 1922 3508 2288 3574; x_wconf 81' lang='lat' dir='ltr'>Rhen.1738,</span> 
     </span>
     <span class='ocr_line' id='line_1_39' title="bbox 254 3580 1671 3646; baseline 0.003 -16"><span class='ocrx_word' id='word_1_285' title='bbox 254 3594 310 3646; x_wconf 93' lang='lat' dir='ltr'>p.</span> <span class='ocrx_word' id='word_1_286' title='bbox 344 3581 433 3646; x_wconf 82' lang='lat'>38)</span> <span class='ocrx_word' id='word_1_287' title='bbox 472 3593 599 3631; x_wconf 88' lang='lat' dir='ltr'>eum</span> <span class='ocrx_word' id='word_1_288' title='bbox 638 3594 784 3631; x_wconf 91' lang='lat' dir='ltr'>anno</span> <span class='ocrx_word' id='word_1_289' title='bbox 824 3583 958 3632; x_wconf 84' lang='lat'>1641</span> <span class='ocrx_word' id='word_1_290' title='bbox 999 3580 1282 3634; x_wconf 82' lang='lat' dir='ltr'>mortuum</span> <span class='ocrx_word' id='word_1_291' title='bbox 1320 3596 1443 3636; x_wconf 86' lang='grc'>0000</span> <span class='ocrx_word' id='word_1_292' title='bbox 1479 3580 1671 3634; x_wconf 82' lang='lat' dir='ltr'>tradit.</span> 
     </span>
    </p>
   </div>
  </div>
 </body>
</html>
