<?xml version="1.0" encoding="UTF-8"?>
<!DOCTYPE html PUBLIC "-//W3C//DTD XHTML 1.0 Transitional//EN"
    "http://www.w3.org/TR/xhtml1/DTD/xhtml1-transitional.dtd">
<html xmlns="http://www.w3.org/1999/xhtml" xml:lang="en" lang="en">
 <head>
  <title>
</title>
<meta http-equiv="Content-Type" content="text/html;charset=utf-8" />
  <meta name='ocr-system' content='tesseract 3.04.00' />
  <meta name='ocr-capabilities' content='ocr_page ocr_carea ocr_par ocr_line ocrx_word'/>
</head>
<body>
  <div class='ocr_page' id='page_1' title='image "./hporcariaseudec00lehngoog_0044.png"; bbox 0 0 2650 3925; ppageno 0'>
   <div class='ocr_carea' id='block_1_1' title="bbox 317 169 1365 235">
    <p class='ocr_par' dir='ltr' id='par_1_1' title="bbox 317 169 1365 235">
     <span class='ocr_line' id='line_1_1' title="bbox 317 169 1365 235; baseline -0.005 -11"><span class='ocrx_word' id='word_1_1' title='bbox 317 171 404 235; x_wconf 83' lang='grc'><strong>22</strong></span> <span class='ocrx_word' id='word_1_2' title='bbox 1299 169 1365 224; x_wconf 81' lang='grc' dir='ltr'><strong>Π,</strong></span> 
     </span>
    </p>
   </div>
   <div class='ocr_carea' id='block_1_2' title="bbox 235 320 2284 3430">
    <p class='ocr_par' dir='ltr' id='par_1_2' title="bbox 235 320 2284 3430">
     <span class='ocr_line' id='line_1_2' title="bbox 235 320 1832 396; baseline -0.003 -13"><span class='ocrx_word' id='word_1_3' title='bbox 235 343 288 383; x_wconf 81' lang='lat'><strong>45</strong></span> <span class='ocrx_word' id='word_1_4' title='bbox 314 322 585 396; x_wconf 80' lang='lat' dir='ltr'>Viderat,</span> <span class='ocrx_word' id='word_1_5' title='bbox 631 324 701 381; x_wconf 89' lang='lat' dir='ltr'><strong>ut</strong></span> <span class='ocrx_word' id='word_1_6' title='bbox 744 322 876 380; x_wconf 90' lang='lat' dir='ltr'><strong>nati</strong></span> <span class='ocrx_word' id='word_1_7' title='bbox 919 321 1087 380; x_wconf 86' lang='lat' dir='ltr'><strong>fleret</strong></span> <span class='ocrx_word' id='word_1_8' title='bbox 1133 321 1325 381; x_wconf 87' lang='lat' dir='ltr'><strong>scelus</strong></span> <span class='ocrx_word' id='word_1_9' title='bbox 1372 320 1518 380; x_wconf 86' lang='lat' dir='ltr'><strong>orba</strong></span> <span class='ocrx_word' id='word_1_10' title='bbox 1564 322 1832 381; x_wconf 88' lang='lat' dir='ltr'><strong>senectus</strong></span> 
     </span>
     <span class='ocr_line' id='line_1_3' title="bbox 317 409 1813 487; baseline 0 -17"><span class='ocrx_word' id='word_1_11' title='bbox 317 412 671 487; x_wconf 83' lang='lat' dir='ltr'><strong>Funeraque</strong></span> <span class='ocrx_word' id='word_1_12' title='bbox 720 413 781 469; x_wconf 88' lang='lat' dir='ltr'><strong>et</strong></span> <span class='ocrx_word' id='word_1_13' title='bbox 823 409 976 470; x_wconf 87' lang='lat' dir='ltr'><strong>tales</strong></span> <span class='ocrx_word' id='word_1_14' title='bbox 1024 410 1367 470; x_wconf 85' lang='lat' dir='ltr'><strong>absolveret·</strong></span> <span class='ocrx_word' id='word_1_15' title='bbox 1406 429 1508 469; x_wconf 93' lang='lat' dir='ltr'><strong>ore</strong></span> <span class='ocrx_word' id='word_1_16' title='bbox 1555 409 1813 470; x_wconf 87' lang='lat' dir='ltr'><strong>dolores:</strong></span> 
     </span>
     <span class='ocr_line' id='line_1_4' title="bbox 319 497 1883 578; baseline -0.001 -18"><span class='ocrx_word' id='word_1_17' title='bbox 319 497 546 560; x_wconf 85' lang='lat' dir='ltr'><strong>Obvius</strong></span> <span class='ocrx_word' id='word_1_18' title='bbox 590 501 773 558; x_wconf 89' lang='lat' dir='ltr'><strong>hosne</strong></span> <span class='ocrx_word' id='word_1_19' title='bbox 818 500 969 557; x_wconf 90' lang='lat' dir='ltr'><strong>mihi</strong></span> <span class='ocrx_word' id='word_1_20' title='bbox 1011 499 1194 574; x_wconf 88' lang='lat' dir='ltr'><strong>lusus,</strong></span> <span class='ocrx_word' id='word_1_21' title='bbox 1239 499 1388 559; x_wconf 90' lang='lat' dir='ltr'><strong>haec</strong></span> <span class='ocrx_word' id='word_1_22' title='bbox 1434 498 1658 578; x_wconf 83' lang='lat' dir='ltr'><strong>gaudia</strong></span> <span class='ocrx_word' id='word_1_23' title='bbox 1700 501 1883 559; x_wconf 87' lang='lat' dir='ltr'><strong>matri</strong></span> 
     </span>
     <span class='ocr_line' id='line_1_5' title="bbox 317 585 2020 666; baseline -0.001 -17"><span class='ocrx_word' id='word_1_24' title='bbox 317 590 476 649; x_wconf 89' lang='lat' dir='ltr'><strong>Nate</strong></span> <span class='ocrx_word' id='word_1_25' title='bbox 521 589 706 650; x_wconf 87' lang='lat' dir='ltr'><strong>refers</strong></span> <span class='ocrx_word' id='word_1_26' title='bbox 751 585 1034 648; x_wconf 80' lang='lat' dir='ltr'><strong>tandem?</strong></span> <span class='ocrx_word' id='word_1_27' title='bbox 1080 588 1294 648; x_wconf 78' lang='lat' dir='ltr'><strong>Fossae</strong></span> <span class='ocrx_word' id='word_1_28' title='bbox 1340 591 1479 664; x_wconf 91' lang='lat' dir='ltr'><strong>post</strong></span> <span class='ocrx_word' id='word_1_29' title='bbox 1523 588 1704 666; x_wconf 85' lang='lat' dir='ltr'><strong>longa</strong></span> <span class='ocrx_word' id='word_1_30' title='bbox 1750 590 2020 648; x_wconf 76' lang='lat' dir='ltr'><strong>senectae</strong></span> 
     </span>
     <span class='ocr_line' id='line_1_6' title="bbox 318 675 2030 754; baseline -0.001 -17"><span class='ocrx_word' id='word_1_31' title='bbox 318 678 520 738; x_wconf 84' lang='lat' dir='ltr'><strong>Exilia</strong></span> <span class='ocrx_word' id='word_1_32' title='bbox 563 677 785 742; x_wconf 81' lang='lat' dir='ltr'><strong>haecne</strong></span> <span class='ocrx_word' id='word_1_33' title='bbox 832 675 1041 753; x_wconf 81' lang='lat' dir='ltr'><strong>quies?</strong></span> <span class='ocrx_word' id='word_1_34' title='bbox 1089 676 1375 746; x_wconf 77' lang='lat' dir='ltr'><strong>Quotiens</strong></span> <span class='ocrx_word' id='word_1_35' title='bbox 1421 680 1741 754; x_wconf 87' lang='lat' dir='ltr'><strong>noctesque</strong></span> <span class='ocrx_word' id='word_1_36' title='bbox 1789 678 2030 754; x_wconf 75' lang='lat' dir='ltr'><strong>diesque</strong></span> 
     </span>
     <span class='ocr_line' id='line_1_7' title="bbox 240 766 1836 841; baseline -0.002 -12"><span class='ocrx_word' id='word_1_37' title='bbox 240 787 292 829; x_wconf 88' lang='lat'><strong>50</strong></span> <span class='ocrx_word' id='word_1_38' title='bbox 323 768 575 826; x_wconf 84' lang='lat' dir='ltr'><strong>Errores</strong></span> <span class='ocrx_word' id='word_1_39' title='bbox 622 766 858 841; x_wconf 76' lang='lat' dir='ltr'><strong>deflenS,</strong></span> <span class='ocrx_word' id='word_1_40' title='bbox 904 786 977 826; x_wconf 92' lang='lat' dir='ltr'><strong>ne</strong></span> <span class='ocrx_word' id='word_1_41' title='bbox 1026 766 1158 841; x_wconf 87' lang='lat' dir='ltr'><strong>quis</strong></span> <span class='ocrx_word' id='word_1_42' title='bbox 1203 766 1321 825; x_wconf 86' lang='lat' dir='ltr'><strong>tibi</strong></span> <span class='ocrx_word' id='word_1_43' title='bbox 1366 785 1539 827; x_wconf 88' lang='lat' dir='ltr'><strong>casus</strong></span> <span class='ocrx_word' id='word_1_44' title='bbox 1587 767 1836 841; x_wconf 87' lang='lat' dir='ltr'><strong>obesset,</strong></span> 
     </span>
     <span class='ocr_line' id='line_1_8' title="bbox 318 854 1835 931; baseline 0.001 -17"><span class='ocrx_word' id='word_1_45' title='bbox 318 856 481 915; x_wconf 87' lang='lat' dir='ltr'><strong>Vota</strong></span> <span class='ocrx_word' id='word_1_46' title='bbox 528 855 663 915; x_wconf 90' lang='lat' dir='ltr'><strong>dedi</strong></span> <span class='ocrx_word' id='word_1_47' title='bbox 710 855 957 931; x_wconf 79' lang='lat' dir='ltr'><strong>superiS,</strong></span> <span class='ocrx_word' id='word_1_48' title='bbox 1005 856 1337 917; x_wconf 87' lang='lat' dir='ltr'><strong>cumulatos</strong></span> <span class='ocrx_word' id='word_1_49' title='bbox 1382 856 1577 915; x_wconf 88' lang='lat' dir='ltr'><strong>thuris</strong></span> <span class='ocrx_word' id='word_1_50' title='bbox 1625 854 1835 916; x_wconf 90' lang='lat' dir='ltr'><strong>odores</strong></span> 
     </span>
     <span class='ocr_line' id='line_1_9' title="bbox 321 944 1771 1021; baseline -0.001 -16"><span class='ocrx_word' id='word_1_51' title='bbox 321 946 510 1021; x_wconf 83' lang='lat' dir='ltr'><strong>Saepe</strong></span> <span class='ocrx_word' id='word_1_52' title='bbox 556 944 673 1003; x_wconf 91' lang='lat' dir='ltr'><strong>tuli</strong></span> <span class='ocrx_word' id='word_1_53' title='bbox 719 948 860 1003; x_wconf 84' lang='lat' dir='ltr'><strong>ante</strong></span> <span class='ocrx_word' id='word_1_54' title='bbox 903 961 1038 1005; x_wconf 85' lang='lat' dir='ltr'><strong>aras</strong></span> <span class='ocrx_word' id='word_1_55' title='bbox 1085 948 1402 1006; x_wconf 83' lang='lat' dir='ltr'><strong>exoratura</strong></span> <span class='ocrx_word' id='word_1_56' title='bbox 1446 947 1771 1004; x_wconf 88' lang='lat' dir='ltr'><strong>tonantem.</strong></span> 
     </span>
     <span class='ocr_line' id='line_1_10' title="bbox 320 1032 1823 1110; baseline -0.001 -17"><span class='ocrx_word' id='word_1_57' title='bbox 320 1036 415 1093; x_wconf 83' lang='lat' dir='ltr'><strong>En</strong></span> <span class='ocrx_word' id='word_1_58' title='bbox 461 1034 613 1093; x_wconf 88' lang='lat' dir='ltr'><strong>caeli</strong></span> <span class='ocrx_word' id='word_1_59' title='bbox 656 1035 878 1110; x_wconf 72' lang='lat' dir='ltr'><strong>pietas!</strong></span> <span class='ocrx_word' id='word_1_60' title='bbox 925 1032 1023 1094; x_wconf 91' lang='lat' dir='ltr'><strong>Sic</strong></span> <span class='ocrx_word' id='word_1_61' title='bbox 1067 1036 1128 1093; x_wconf 91' lang='lat' dir='ltr'><strong>te</strong></span> <span class='ocrx_word' id='word_1_62' title='bbox 1174 1032 1341 1094; x_wconf 85' lang='lat' dir='ltr'><strong>videt</strong></span> <span class='ocrx_word' id='word_1_63' title='bbox 1386 1034 1562 1094; x_wconf 83' lang='lat' dir='ltr'><strong>anxia</strong></span> <span class='ocrx_word' id='word_1_64' title='bbox 1607 1035 1823 1093; x_wconf 81' lang='lat' dir='ltr'><strong>mater!</strong></span> 
     </span>
     <span class='ocr_line' id='line_1_11' title="bbox 322 1121 2036 1200; baseline 0 -18"><span class='ocrx_word' id='word_1_65' title='bbox 322 1123 438 1194; x_wconf 90' lang='lat' dir='ltr'><strong>Qui</strong></span> <span class='ocrx_word' id='word_1_66' title='bbox 485 1142 641 1182; x_wconf 91' lang='lat' dir='ltr'><strong>nunc</strong></span> <span class='ocrx_word' id='word_1_67' title='bbox 686 1123 887 1200; x_wconf 85' lang='lat' dir='ltr'>fulgor</span> <span class='ocrx_word' id='word_1_68' title='bbox 934 1140 1063 1181; x_wconf 88' lang='lat' dir='ltr'><strong>eras</strong></span> <span class='ocrx_word' id='word_1_69' title='bbox 1109 1124 1366 1199; x_wconf 88' lang='lat' dir='ltr'><strong>populis,</strong></span> <span class='ocrx_word' id='word_1_70' title='bbox 1414 1123 1754 1199; x_wconf 87' lang='lat' dir='ltr'><strong>spectacula</strong></span> <span class='ocrx_word' id='word_1_71' title='bbox 1798 1121 2036 1199; x_wconf 76' lang='lat' dir='ltr'><strong>pendes,</strong></span> 
     </span>
     <span class='ocr_line' id='line_1_12' title="bbox 240 1211 1897 1288; baseline -0.001 -15"><span class='ocrx_word' id='word_1_72' title='bbox 240 1233 292 1273; x_wconf 88' lang='lat'><strong>55</strong></span> <span class='ocrx_word' id='word_1_73' title='bbox 322 1212 457 1272; x_wconf 88' lang='lat' dir='ltr'><strong>Heu</strong></span> <span class='ocrx_word' id='word_1_74' title='bbox 505 1213 778 1288; x_wconf 90' lang='lat' dir='ltr'><strong>quotiens</strong></span> <span class='ocrx_word' id='word_1_75' title='bbox 825 1211 1058 1288; x_wconf 89' lang='lat' dir='ltr'><strong>patriae</strong></span> <span class='ocrx_word' id='word_1_76' title='bbox 1103 1212 1300 1272; x_wconf 91' lang='lat' dir='ltr'><strong>luctus</strong></span> <span class='ocrx_word' id='word_1_77' title='bbox 1350 1215 1410 1271; x_wconf 90' lang='lat' dir='ltr'><strong>et</strong></span> <span class='ocrx_word' id='word_1_78' title='bbox 1454 1211 1614 1271; x_wconf 87' lang='lat' dir='ltr'><strong>bella</strong></span> <span class='ocrx_word' id='word_1_79' title='bbox 1658 1213 1897 1288; x_wconf 87' lang='lat' dir='ltr'><strong>parenti</strong></span> 
     </span>
     <span class='ocr_line' id='line_1_13' title="bbox 320 1301 1944 1377; baseline -0.001 -15"><span class='ocrx_word' id='word_1_80' title='bbox 320 1302 479 1362; x_wconf 85' lang='lat' dir='ltr'><strong>Nate</strong></span> <span class='ocrx_word' id='word_1_81' title='bbox 524 1301 849 1360; x_wconf 88' lang='lat' dir='ltr'><strong>minabaris</strong></span> <span class='ocrx_word' id='word_1_82' title='bbox 895 1301 1300 1377; x_wconf 89' lang='lat' dir='ltr'><strong>populumque</strong></span> <span class='ocrx_word' id='word_1_83' title='bbox 1345 1302 1648 1362; x_wconf 84' lang='lat' dir='ltr'><strong>involvere</strong></span> <span class='ocrx_word' id='word_1_84' title='bbox 1694 1301 1944 1377; x_wconf 81' lang='lat' dir='ltr'><strong>praeda!</strong></span> 
     </span>
     <span class='ocr_line' id='line_1_14' title="bbox 320 1390 2241 1468; baseline -0.001 -18"><span class='ocrx_word' id='word_1_85' title='bbox 320 1391 496 1450; x_wconf 90' lang='lat' dir='ltr'><strong>Nunc</strong></span> <span class='ocrx_word' id='word_1_86' title='bbox 543 1410 653 1468; x_wconf 89' lang='lat' dir='ltr'><strong>ego</strong></span> <span class='ocrx_word' id='word_1_87' title='bbox 698 1390 922 1466; x_wconf 87' lang='lat' dir='ltr'><strong>praeda</strong></span> <span class='ocrx_word' id='word_1_88' title='bbox 966 1390 1149 1450; x_wconf 80' lang='lat' dir='ltr'><strong>feror!</strong></span> <span class='ocrx_word' id='word_1_89' title='bbox 1196 1391 1528 1451; x_wconf 87' lang='lat' dir='ltr'><strong>Miseraene</strong></span> <span class='ocrx_word' id='word_1_90' title='bbox 1573 1391 1720 1450; x_wconf 89' lang='lat' dir='ltr'><strong>haec</strong></span> <span class='ocrx_word' id='word_1_91' title='bbox 1765 1409 2013 1450; x_wconf 89' lang='lat' dir='ltr'><strong>munera</strong></span> <span class='ocrx_word' id='word_1_92' title='bbox 2058 1392 2241 1449; x_wconf 88' lang='lat' dir='ltr'><strong>matri</strong></span> 
     </span>
     <span class='ocr_line' id='line_1_15' title="bbox 321 1478 2284 1558; baseline -0.001 -19"><span class='ocrx_word' id='word_1_93' title='bbox 321 1479 486 1539; x_wconf 90' lang='lat' dir='ltr'><strong>Haec</strong></span> <span class='ocrx_word' id='word_1_94' title='bbox 530 1478 680 1538; x_wconf 89' lang='lat' dir='ltr'><strong>mihi</strong></span> <span class='ocrx_word' id='word_1_95' title='bbox 724 1478 881 1538; x_wconf 89' lang='lat' dir='ltr'><strong>dona</strong></span> <span class='ocrx_word' id='word_1_96' title='bbox 925 1480 1131 1554; x_wconf 83' lang='lat' dir='ltr'><strong>referS,</strong></span> <span class='ocrx_word' id='word_1_97' title='bbox 1178 1484 1238 1539; x_wconf 89' lang='lat' dir='ltr'><strong>et</strong></span> <span class='ocrx_word' id='word_1_98' title='bbox 1281 1500 1470 1558; x_wconf 86' lang='lat' dir='ltr'><strong>regna</strong></span> <span class='ocrx_word' id='word_1_99' title='bbox 1517 1483 1577 1539; x_wconf 88' lang='lat' dir='ltr'><strong>et</strong></span> <span class='ocrx_word' id='word_1_100' title='bbox 1620 1482 1887 1555; x_wconf 86' lang='lat' dir='ltr'><strong>praemia</strong></span> <span class='ocrx_word' id='word_1_101' title='bbox 1931 1482 2073 1539; x_wconf 90' lang='lat' dir='ltr'><strong>sunt</strong></span> <span class='ocrx_word' id='word_1_102' title='bbox 2117 1479 2284 1554; x_wconf 86' lang='lat' dir='ltr'><strong>haec,</strong></span> 
     </span>
     <span class='ocr_line' id='line_1_16' title="bbox 327 1568 2178 1645; baseline 0.001 -18"><span class='ocrx_word' id='word_1_103' title='bbox 327 1569 492 1639; x_wconf 85' lang='lat' dir='ltr'><strong>Quae</strong></span> <span class='ocrx_word' id='word_1_104' title='bbox 538 1568 688 1627; x_wconf 84' lang='lat' dir='ltr'><strong>mibi</strong></span> <span class='ocrx_word' id='word_1_105' title='bbox 732 1568 1055 1645; x_wconf 79' lang='lat' dir='ltr'><strong>pollicitus,</strong></span> <span class='ocrx_word' id='word_1_106' title='bbox 1102 1586 1238 1628; x_wconf 90' lang='lat' dir='ltr'><strong>cum</strong></span> <span class='ocrx_word' id='word_1_107' title='bbox 1281 1568 1535 1629; x_wconf 82' lang='lat' dir='ltr'><strong>blandus</strong></span> <span class='ocrx_word' id='word_1_108' title='bbox 1583 1569 1660 1629; x_wconf 88' lang='lat' dir='ltr'><strong>ad</strong></span> <span class='ocrx_word' id='word_1_109' title='bbox 1707 1570 1909 1629; x_wconf 90' lang='lat' dir='ltr'><strong>oscula</strong></span> <span class='ocrx_word' id='word_1_110' title='bbox 1954 1569 2178 1628; x_wconf 90' lang='lat' dir='ltr'><strong>dudum</strong></span> 
     </span>
     <span class='ocr_line' id='line_1_17' title="bbox 246 1657 1888 1735; baseline -0.002 -16"><span class='ocrx_word' id='word_1_111' title='bbox 246 1657 563 1719; x_wconf 67' lang='lat' dir='ltr'><strong>60⁴Fovisti</strong></span> <span class='ocrx_word' id='word_1_112' title='bbox 608 1659 876 1735; x_wconf 86' lang='lat' dir='ltr'><strong>algentes</strong></span> <span class='ocrx_word' id='word_1_113' title='bbox 921 1657 1185 1717; x_wconf 72' lang='lat' dir='ltr'><strong>lacrimis</strong></span> <span class='ocrx_word' id='word_1_114' title='bbox 1231 1658 1633 1735; x_wconf 84' lang='lat' dir='ltr'><strong>gaudentibus</strong></span> <span class='ocrx_word' id='word_1_115' title='bbox 1681 1657 1888 1719; x_wconf 81' lang='lat' dir='ltr'><strong>artus?</strong></span> 
     </span>
     <span class='ocr_line' id='line_1_18' title="bbox 326 1746 1751 1824; baseline -0.001 -18"><span class='ocrx_word' id='word_1_116' title='bbox 326 1746 578 1824; x_wconf 86' lang='lat' dir='ltr'><strong>Speravi</strong></span> <span class='ocrx_word' id='word_1_117' title='bbox 620 1747 905 1823; x_wconf 88' lang='lat' dir='ltr'><strong>requiem,</strong></span> <span class='ocrx_word' id='word_1_118' title='bbox 951 1749 1290 1822; x_wconf 87' lang='lat' dir='ltr'><strong>veterisque</strong></span> <span class='ocrx_word' id='word_1_119' title='bbox 1335 1747 1558 1806; x_wconf 89' lang='lat' dir='ltr'><strong>iniuria</strong></span> <span class='ocrx_word' id='word_1_120' title='bbox 1604 1746 1751 1805; x_wconf 84' lang='lat' dir='ltr'><strong>facti</strong></span> 
     </span>
     <span class='ocr_line' id='line_1_19' title="bbox 322 1834 2009 1912; baseline 0.001 -18"><span class='ocrx_word' id='word_1_121' title='bbox 322 1836 454 1895; x_wconf 89' lang='lat' dir='ltr'><strong>Iam</strong></span> <span class='ocrx_word' id='word_1_122' title='bbox 499 1838 739 1912; x_wconf 90' lang='lat' dir='ltr'><strong>poterat</strong></span> <span class='ocrx_word' id='word_1_123' title='bbox 785 1834 1027 1895; x_wconf 86' lang='lat' dir='ltr'><strong>desisse:</strong></span> <span class='ocrx_word' id='word_1_124' title='bbox 1075 1836 1241 1895; x_wconf 86' lang='lat' dir='ltr'><strong>dedit</strong></span> <span class='ocrx_word' id='word_1_125' title='bbox 1285 1855 1443 1896; x_wconf 83' lang='lat' dir='ltr'><strong>nova</strong></span> <span class='ocrx_word' id='word_1_126' title='bbox 1489 1854 1669 1895; x_wconf 88' lang='lat' dir='ltr'><strong>causa</strong></span> <span class='ocrx_word' id='word_1_127' title='bbox 1713 1837 2009 1896; x_wconf 85' lang='lat' dir='ltr'><strong>malorum</strong></span> 
     </span>
     <span class='ocr_line' id='line_1_20' title="bbox 325 1924 1820 2004; baseline 0 -19"><span class='ocrx_word' id='word_1_128' title='bbox 325 1924 636 2003; x_wconf 81' lang='lat' dir='ltr'><strong>Supplicia</strong></span> <span class='ocrx_word' id='word_1_129' title='bbox 683 1924 941 1985; x_wconf 87' lang='lat' dir='ltr'><strong>afflictae</strong></span> <span class='ocrx_word' id='word_1_130' title='bbox 986 1926 1162 2003; x_wconf 87' lang='lat' dir='ltr'><strong>longe</strong></span> <span class='ocrx_word' id='word_1_131' title='bbox 1208 1927 1489 2004; x_wconf 83' lang='lat' dir='ltr'><strong>graviora</strong></span> <span class='ocrx_word' id='word_1_132' title='bbox 1534 1927 1820 1987; x_wconf 85' lang='lat' dir='ltr'><strong>senectae.</strong></span> 
     </span>
     <span class='ocr_line' id='line_1_21' title="bbox 324 2015 2228 2090; baseline 0 -16"><span class='ocrx_word' id='word_1_133' title='bbox 324 2015 460 2074; x_wconf 87' lang='lat' dir='ltr'><strong>Heu</strong></span> <span class='ocrx_word' id='word_1_134' title='bbox 505 2015 692 2090; x_wconf 88' lang='lat' dir='ltr'><strong>dolor,</strong></span> <span class='ocrx_word' id='word_1_135' title='bbox 737 2016 855 2073; x_wconf 90' lang='lat' dir='ltr'><strong>heu</strong></span> <span class='ocrx_word' id='word_1_136' title='bbox 898 2015 1177 2074; x_wconf 83' lang='lat' dir='ltr'><strong>lacrimas</strong></span> <span class='ocrx_word' id='word_1_137' title='bbox 1224 2046 1313 2056; x_wconf 90' lang='lat'><strong>·-—</strong></span> <span class='ocrx_word' id='word_1_138' title='bbox 1358 2018 1621 2075; x_wconf 74' lang='lat' dir='ltr'><strong>extremo</strong></span> <span class='ocrx_word' id='word_1_139' title='bbox 1665 2017 1730 2075; x_wconf 91' lang='lat' dir='ltr'><strong>in</strong></span> <span class='ocrx_word' id='word_1_140' title='bbox 1776 2017 1981 2075; x_wconf 80' lang='lat' dir='ltr'><strong>funere</strong></span> <span class='ocrx_word' id='word_1_141' title='bbox 2027 2017 2228 2074; x_wconf 88' lang='lat' dir='ltr'><strong>nullus</strong></span> 
     </span>
     <span class='ocr_line' id='line_1_22' title="bbox 243 2102 1751 2181; baseline -0.001 -17"><span class='ocrx_word' id='word_1_142' title='bbox 243 2123 296 2164; x_wconf 80' lang='lat'><strong>55</strong></span> <span class='ocrx_word' id='word_1_143' title='bbox 326 2105 657 2164; x_wconf 86' lang='lat' dir='ltr'><strong>Inferiasne</strong></span> <span class='ocrx_word' id='word_1_144' title='bbox 705 2106 866 2163; x_wconf 87' lang='lat' dir='ltr'><strong>ausit</strong></span> <span class='ocrx_word' id='word_1_145' title='bbox 907 2105 1076 2164; x_wconf 91' lang='lat' dir='ltr'><strong>tenui</strong></span> <span class='ocrx_word' id='word_1_146' title='bbox 1120 2105 1444 2180; x_wconf 88' lang='lat' dir='ltr'><strong>producere</strong></span> <span class='ocrx_word' id='word_1_147' title='bbox 1489 2102 1751 2181; x_wconf 79' lang='lat' dir='ltr'><strong>pompa?</strong></span> 
     </span>
     <span class='ocr_line' id='line_1_23' title="bbox 326 2193 1885 2269; baseline 0 -17"><span class='ocrx_word' id='word_1_148' title='bbox 326 2193 499 2252; x_wconf 90' lang='lat' dir='ltr'><strong>Sicne</strong></span> <span class='ocrx_word' id='word_1_149' title='bbox 544 2194 649 2252; x_wconf 88' lang='lat' dir='ltr'><strong>ille</strong></span> <span class='ocrx_word' id='word_1_150' title='bbox 695 2193 872 2253; x_wconf 84' lang='lat' dir='ltr'><strong>exilio</strong></span> <span class='ocrx_word' id='word_1_151' title='bbox 921 2194 1220 2269; x_wconf 90' lang='lat' dir='ltr'><strong>quondam</strong></span> <span class='ocrx_word' id='word_1_152' title='bbox 1264 2194 1622 2253; x_wconf 88' lang='lat' dir='ltr'><strong>miserabilis</strong></span> <span class='ocrx_word' id='word_1_153' title='bbox 1670 2194 1746 2252; x_wconf 90' lang='lat' dir='ltr'><strong>ad</strong></span> <span class='ocrx_word' id='word_1_154' title='bbox 1790 2213 1885 2252; x_wconf 90' lang='lat' dir='ltr'><strong>me</strong></span> 
     </span>
     <span class='ocr_line' id='line_1_24' title="bbox 329 2279 1884 2359; baseline 0 -17"><span class='ocrx_word' id='word_1_155' title='bbox 329 2283 693 2359; x_wconf 83' lang='lat' dir='ltr'><strong>Expectatus</strong></span> <span class='ocrx_word' id='word_1_156' title='bbox 741 2279 923 2342; x_wconf 79' lang='lat' dir='ltr'><strong>ades?</strong></span> <span class='ocrx_word' id='word_1_157' title='bbox 970 2285 1056 2342; x_wconf 88' lang='lat' dir='ltr'><strong>sic</strong></span> <span class='ocrx_word' id='word_1_158' title='bbox 1100 2302 1194 2341; x_wconf 91' lang='lat' dir='ltr'><strong>me</strong></span> <span class='ocrx_word' id='word_1_159' title='bbox 1242 2282 1646 2358; x_wconf 80' lang='lat' dir='ltr'><strong>complexibus</strong></span> <span class='ocrx_word' id='word_1_160' title='bbox 1693 2283 1884 2342; x_wconf 89' lang='lat' dir='ltr'><strong>ambis</strong></span> 
     </span>
     <span class='ocr_line' id='line_1_25' title="bbox 325 2368 2173 2449; baseline 0.001 -20"><span class='ocrx_word' id='word_1_161' title='bbox 325 2372 854 2449; x_wconf 87' lang='lat' dir='ltr'><strong>Languentemque</strong></span> <span class='ocrx_word' id='word_1_162' title='bbox 900 2368 1107 2431; x_wconf 79' lang='lat' dir='ltr'><strong>tenes?</strong></span> <span class='ocrx_word' id='word_1_163' title='bbox 1160 2391 1311 2447; x_wconf 89' lang='lat' dir='ltr'><strong>quor</strong></span> <span class='ocrx_word' id='word_1_164' title='bbox 1355 2373 1485 2431; x_wconf 88' lang='lat' dir='ltr'><strong>fata</strong></span> <span class='ocrx_word' id='word_1_165' title='bbox 1529 2371 1796 2431; x_wconf 83' lang='lat' dir='ltr'><strong>infausta</strong></span> <span class='ocrx_word' id='word_1_166' title='bbox 1842 2374 2173 2448; x_wconf 89' lang='lat' dir='ltr'><strong>sequuntur</strong></span> 
     </span>
     <span class='ocr_line' id='line_1_26' title="bbox 328 2459 1999 2537; baseline 0.001 -18"><span class='ocrx_word' id='word_1_167' title='bbox 328 2461 612 2520; x_wconf 86' lang='lat' dir='ltr'><strong>Exortem</strong></span> <span class='ocrx_word' id='word_1_168' title='bbox 659 2461 871 2537; x_wconf 89' lang='lat' dir='ltr'><strong>culpae</strong></span> <span class='ocrx_word' id='word_1_169' title='bbox 917 2462 978 2520; x_wconf 91' lang='lat' dir='ltr'><strong>et</strong></span> <span class='ocrx_word' id='word_1_170' title='bbox 1021 2460 1258 2520; x_wconf 82' lang='lat' dir='ltr'><strong>tristem</strong></span> <span class='ocrx_word' id='word_1_171' title='bbox 1304 2463 1431 2521; x_wconf 88' lang='lat' dir='ltr'><strong>sine</strong></span> <span class='ocrx_word' id='word_1_172' title='bbox 1476 2460 1722 2521; x_wconf 89' lang='lat' dir='ltr'><strong>crimine</strong></span> <span class='ocrx_word' id='word_1_173' title='bbox 1768 2459 1999 2520; x_wconf 79' lang='lat' dir='ltr'><strong>vitam?</strong></span> 
     </span>
     <span class='ocr_line' id='line_1_27' title="bbox 247 2548 1823 2611; baseline -0.001 0"><span class='ocrx_word' id='word_1_174' title='bbox 247 2570 300 2611; x_wconf 73' lang='grc' dir='ltr'><strong>ἰο</strong></span> <span class='ocrx_word' id='word_1_175' title='bbox 326 2549 443 2609; x_wconf 91' lang='lat' dir='ltr'><strong>Hei</strong></span> <span class='ocrx_word' id='word_1_176' title='bbox 488 2548 638 2608; x_wconf 87' lang='lat' dir='ltr'><strong>mihi</strong></span> <span class='ocrx_word' id='word_1_177' title='bbox 683 2552 924 2609; x_wconf 89' lang='lat' dir='ltr'><strong>secretis</strong></span> <span class='ocrx_word' id='word_1_178' title='bbox 971 2550 1159 2609; x_wconf 87' lang='lat' dir='ltr'><strong>scelus</strong></span> <span class='ocrx_word' id='word_1_179' title='bbox 1206 2551 1532 2610; x_wconf 88' lang='lat' dir='ltr'><strong>occuluisse</strong></span> <span class='ocrx_word' id='word_1_180' title='bbox 1577 2549 1823 2610; x_wconf 90' lang='lat' dir='ltr'><strong>latebris</strong></span> 
     </span>
     <span class='ocr_line' id='line_1_28' title="bbox 329 2638 1827 2700; baseline 0 -2"><span class='ocrx_word' id='word_1_181' title='bbox 329 2638 488 2698; x_wconf 85' lang='lat' dir='ltr'><strong>Oura</strong></span> <span class='ocrx_word' id='word_1_182' title='bbox 534 2639 654 2698; x_wconf 85' lang='lat' dir='ltr'><strong>fuit</strong></span> <span class='ocrx_word' id='word_1_183' title='bbox 696 2641 975 2698; x_wconf 87' lang='lat' dir='ltr'><strong>miserae:</strong></span> <span class='ocrx_word' id='word_1_184' title='bbox 1023 2641 1109 2698; x_wconf 88' lang='lat' dir='ltr'><strong>sic</strong></span> <span class='ocrx_word' id='word_1_185' title='bbox 1152 2641 1240 2699; x_wconf 87' lang='lat' dir='ltr'><strong>ire</strong></span> <span class='ocrx_word' id='word_1_186' title='bbox 1287 2638 1363 2700; x_wconf 87' lang='lat' dir='ltr'><strong>ad</strong></span> <span class='ocrx_word' id='word_1_187' title='bbox 1411 2640 1607 2700; x_wconf 88' lang='lat' dir='ltr'><strong>sidera</strong></span> <span class='ocrx_word' id='word_1_188' title='bbox 1652 2639 1827 2699; x_wconf 92' lang='lat' dir='ltr'><strong>rebar</strong></span> 
     </span>
     <span class='ocr_line' id='line_1_29' title="bbox 330 2727 1845 2806; baseline 0 -19"><span class='ocrx_word' id='word_1_189' title='bbox 330 2728 502 2788; x_wconf 90' lang='lat' dir='ltr'><strong>Sorte</strong></span> <span class='ocrx_word' id='word_1_190' title='bbox 547 2730 656 2788; x_wconf 87' lang='lat' dir='ltr'><strong>tua</strong></span> <span class='ocrx_word' id='word_1_191' title='bbox 700 2730 891 2804; x_wconf 88' lang='lat' dir='ltr'><strong>partis</strong></span> <span class='ocrx_word' id='word_1_192' title='bbox 939 2727 1084 2788; x_wconf 86' lang='lat' dir='ltr'><strong>olim</strong></span> <span class='ocrx_word' id='word_1_193' title='bbox 1129 2727 1467 2788; x_wconf 87' lang='lat' dir='ltr'><strong>decoranda</strong></span> <span class='ocrx_word' id='word_1_194' title='bbox 1509 2728 1845 2806; x_wconf 86' lang='lat' dir='ltr'><strong>triumphis.</strong></span> 
     </span>
     <span class='ocr_line' id='line_1_30' title="bbox 327 2816 2092 2896; baseline 0.001 -21"><span class='ocrx_word' id='word_1_195' title='bbox 327 2816 464 2875; x_wconf 92' lang='lat' dir='ltr'><strong>Heu</strong></span> <span class='ocrx_word' id='word_1_196' title='bbox 507 2818 625 2876; x_wconf 89' lang='lat' dir='ltr'><strong>heu</strong></span> <span class='ocrx_word' id='word_1_197' title='bbox 669 2821 809 2877; x_wconf 90' lang='lat' dir='ltr'><strong>nate</strong></span> <span class='ocrx_word' id='word_1_198' title='bbox 855 2817 1030 2876; x_wconf 87' lang='lat' dir='ltr'><strong>decus</strong></span> <span class='ocrx_word' id='word_1_199' title='bbox 1078 2816 1302 2877; x_wconf 90' lang='lat' dir='ltr'><strong>dudum</strong></span> <span class='ocrx_word' id='word_1_200' title='bbox 1348 2821 1410 2877; x_wconf 91' lang='lat' dir='ltr'><strong>et</strong></span> <span class='ocrx_word' id='word_1_201' title='bbox 1453 2837 1610 2877; x_wconf 86' lang='lat' dir='ltr'><strong>nova</strong></span> <span class='ocrx_word' id='word_1_202' title='bbox 1656 2817 1849 2896; x_wconf 84' lang='lat' dir='ltr'><strong>gloria</strong></span> <span class='ocrx_word' id='word_1_203' title='bbox 1894 2817 2092 2893; x_wconf 86' lang='lat' dir='ltr'><strong>matri,</strong></span> 
     </span>
     <span class='ocr_line' id='line_1_31' title="bbox 328 2905 2118 2984; baseline 0 -19"><span class='ocrx_word' id='word_1_204' title='bbox 328 2906 503 2965; x_wconf 86' lang='lat' dir='ltr'><strong>Nunc</strong></span> <span class='ocrx_word' id='word_1_205' title='bbox 550 2905 719 2966; x_wconf 88' lang='lat' dir='ltr'><strong>dolor</strong></span> <span class='ocrx_word' id='word_1_206' title='bbox 766 2911 826 2965; x_wconf 91' lang='lat' dir='ltr'><strong>et</strong></span> <span class='ocrx_word' id='word_1_207' title='bbox 869 2907 1152 2966; x_wconf 87' lang='lat' dir='ltr'><strong>lacrimae</strong></span> <span class='ocrx_word' id='word_1_208' title='bbox 1197 2907 1538 2984; x_wconf 90' lang='lat' dir='ltr'><strong>populoque</strong></span> <span class='ocrx_word' id='word_1_209' title='bbox 1583 2906 1835 2982; x_wconf 90' lang='lat' dir='ltr'><strong>urbique</strong></span> <span class='ocrx_word' id='word_1_210' title='bbox 1881 2907 2118 2983; x_wconf 89' lang='lat' dir='ltr'><strong>tuisque</strong></span> 
     </span>
     <span class='ocr_line' id='line_1_32' title="bbox 249 2994 2038 3065; baseline -0.001 -8"><span class='ocrx_word' id='word_1_211' title='bbox 249 3015 300 3057; x_wconf 79' lang='lat'><strong>‘15</strong></span> <span class='ocrx_word' id='word_1_212' title='bbox 329 2994 598 3055; x_wconf 91' lang='lat' dir='ltr'><strong>Dedecus</strong></span> <span class='ocrx_word' id='word_1_213' title='bbox 647 2996 981 3055; x_wconf 74' lang='lat' dir='ltr'><strong>aeternum!</strong></span> <span class='ocrx_word' id='word_1_214' title='bbox 1031 2994 1193 3065; x_wconf 86' lang='lat' dir='ltr'><strong>Quae</strong></span> <span class='ocrx_word' id='word_1_215' title='bbox 1239 3015 1359 3054; x_wconf 90' lang='lat' dir='ltr'><strong>non</strong></span> <span class='ocrx_word' id='word_1_216' title='bbox 1404 2997 1827 3056; x_wconf 83' lang='lat' dir='ltr'><strong>memoraverit</strong></span> <span class='ocrx_word' id='word_1_217' title='bbox 1871 2997 2038 3055; x_wconf 90' lang='lat' dir='ltr'><strong>aetas</strong></span> 
     </span>
     <span class='ocr_line' id='line_1_33' title="bbox 331 3083 1979 3159; baseline 0.001 -17"><span class='ocrx_word' id='word_1_218' title='bbox 331 3085 482 3143; x_wconf 88' lang='lat' dir='ltr'><strong>Tam</strong></span> <span class='ocrx_word' id='word_1_219' title='bbox 529 3083 763 3144; x_wconf 89' lang='lat' dir='ltr'><strong>crudele</strong></span> <span class='ocrx_word' id='word_1_220' title='bbox 808 3086 995 3159; x_wconf 86' lang='lat' dir='ltr'><strong>nefas,</strong></span> <span class='ocrx_word' id='word_1_221' title='bbox 1040 3085 1219 3144; x_wconf 90' lang='lat' dir='ltr'><strong>simul</strong></span> <span class='ocrx_word' id='word_1_222' title='bbox 1265 3088 1326 3144; x_wconf 90' lang='lat' dir='ltr'><strong>et</strong></span> <span class='ocrx_word' id='word_1_223' title='bbox 1374 3084 1748 3145; x_wconf 84' lang='lat' dir='ltr'><strong>damnaverit</strong></span> <span class='ocrx_word' id='word_1_224' title='bbox 1793 3085 1979 3144; x_wconf 76' lang='lat' dir='ltr'><strong>orbis!</strong></span> 
     </span>
     <span class='ocr_line' id='line_1_34' title="bbox 330 3173 1873 3250; baseline 0.001 -18"><span class='ocrx_word' id='word_1_225' title='bbox 330 3173 655 3234; x_wconf 82' lang='lat' dir='ltr'><strong>FrOndebit</strong></span> <span class='ocrx_word' id='word_1_226' title='bbox 700 3175 898 3250; x_wconf 80' lang='lat' dir='ltr'><strong>tellu8‚</strong></span> <span class='ocrx_word' id='word_1_227' title='bbox 946 3175 1086 3234; x_wconf 90' lang='lat' dir='ltr'><strong>dum</strong></span> <span class='ocrx_word' id='word_1_228' title='bbox 1134 3173 1332 3233; x_wconf 86' lang='lat' dir='ltr'><strong>sidera</strong></span> <span class='ocrx_word' id='word_1_229' title='bbox 1376 3174 1586 3233; x_wconf 83' lang='lat' dir='ltr'><strong>fulciet</strong></span> <span class='ocrx_word' id='word_1_230' title='bbox 1630 3174 1873 3249; x_wconf 82' lang='lat' dir='ltr'><strong>Athlas3</strong></span> 
     </span>
     <span class='ocr_line' id='line_1_35' title="bbox 330 3262 2163 3339; baseline -0.001 -17"><span class='ocrx_word' id='word_1_231' title='bbox 330 3262 607 3338; x_wconf 89' lang='lat' dir='ltr'><strong>Dumque</strong></span> <span class='ocrx_word' id='word_1_232' title='bbox 655 3282 830 3323; x_wconf 88' lang='lat' dir='ltr'><strong>auras</strong></span> <span class='ocrx_word' id='word_1_233' title='bbox 876 3263 1093 3323; x_wconf 85' lang='lat' dir='ltr'><strong>ferient</strong></span> <span class='ocrx_word' id='word_1_234' title='bbox 1138 3263 1407 3324; x_wconf 88' lang='lat' dir='ltr'><strong>volucres</strong></span> <span class='ocrx_word' id='word_1_235' title='bbox 1456 3266 1517 3322; x_wconf 91' lang='lat' dir='ltr'><strong>et</strong></span> <span class='ocrx_word' id='word_1_236' title='bbox 1562 3281 1846 3339; x_wconf 86' lang='lat' dir='ltr'><strong>squamea</strong></span> <span class='ocrx_word' id='word_1_237' title='bbox 1890 3266 2163 3339; x_wconf 90' lang='lat' dir='ltr'><strong>pontum,</strong></span> 
     </span>
     <span class='ocr_line' id='line_1_36' title="bbox 332 3351 1993 3430; baseline 0.001 -19"><span class='ocrx_word' id='word_1_238' title='bbox 332 3351 665 3411; x_wconf 84' lang='lat' dir='ltr'><strong>Tantorum</strong></span> <span class='ocrx_word' id='word_1_239' title='bbox 710 3353 997 3413; x_wconf 89' lang='lat' dir='ltr'><strong>scelerum</strong></span> <span class='ocrx_word' id='word_1_240' title='bbox 1043 3353 1296 3412; x_wconf 86' lang='lat' dir='ltr'><strong>Romam</strong></span> <span class='ocrx_word' id='word_1_241' title='bbox 1340 3353 1681 3412; x_wconf 89' lang='lat' dir='ltr'><strong>meminisse</strong></span> <span class='ocrx_word' id='word_1_242' title='bbox 1717 3352 1993 3430; x_wconf 82' lang='lat' dir='ltr'><strong>pudebit.</strong></span> 
     </span>
    </p>
   </div>
   <div class='ocr_carea' id='block_1_3' title="bbox 328 3469 760 3487">
    <p class='ocr_par' dir='ltr' id='par_1_3' title="bbox 328 3469 760 3487">
     <span class='ocr_line' id='line_1_37' title="bbox 328 3469 760 3487; baseline 0 0"><span class='ocrx_word' id='word_1_243' title='bbox 328 3469 760 3487; x_wconf 95' lang='lat' dir='ltr'><strong> </strong></span> 
     </span>
    </p>
   </div>
   <div class='ocr_carea' id='block_1_4' title="bbox 475 3539 1685 3613">
    <p class='ocr_par' dir='ltr' id='par_1_4' title="bbox 475 3539 1685 3613">
     <span class='ocr_line' id='line_1_38' title="bbox 475 3539 1685 3613; baseline 0 -18"><span class='ocrx_word' id='word_1_244' title='bbox 475 3545 543 3595; x_wconf 80' lang='lat'><strong>45</strong></span> <span class='ocrx_word' id='word_1_245' title='bbox 583 3542 640 3595; x_wconf 92' lang='lat' dir='ltr'><strong>et</strong></span> <span class='ocrx_word' id='word_1_246' title='bbox 675 3540 797 3596; x_wconf 86' lang='lat' dir='ltr'><strong>nati</strong></span> <span class='ocrx_word' id='word_1_247' title='bbox 824 3544 842 3613; x_wconf 79' lang='lat' dir='ltr'>n</span> <span class='ocrx_word' id='word_1_248' title='bbox 870 3545 938 3595; x_wconf 89' lang='lat'><strong>60</strong></span> <span class='ocrx_word' id='word_1_249' title='bbox 975 3541 1200 3596; x_wconf 84' lang='lat' dir='ltr'><strong>Fovesti</strong></span> <span class='ocrx_word' id='word_1_250' title='bbox 1227 3542 1246 3611; x_wconf 86' lang='grc' dir='ltr'><strong>ΙΙ</strong></span> <span class='ocrx_word' id='word_1_251' title='bbox 1275 3546 1343 3595; x_wconf 82' lang='grc'><strong>65</strong></span> <span class='ocrx_word' id='word_1_252' title='bbox 1380 3539 1685 3595; x_wconf 83' lang='lat' dir='ltr'><strong>Inferiasve</strong></span> 
     </span>
    </p>
   </div>
  </div>
 </body>
</html>
