2650 3925
664 220 745 274 IN
781 219 1089 274 LAVDEM
1124 218 1338 274 DVCIS
1374 219 1799 275 MEDIOLANI.
2180 220 2264 285 53

239 370 337 431 Sic
380 372 476 449 illi
520 373 715 432 virtus
761 371 969 431 divina
1014 376 1077 431 et
1121 372 1367 448 spiritus
1411 371 1627 448 implet

325 460 656 539 Ingenium,
702 462 925 521 candor
967 463 1173 521 tantus
1219 461 1296 520 ab
1343 480 1456 520 ore·
1487 463 1657 522 nitet.

237 549 352 609 Sed
395 554 504 609 tua
547 568 731 609 rauca
752 559 757 564 '
775 553 994 610 sonant
1036 568 1145 609 nec
1189 570 1434 610 munere
1479 550 1699 629 dignus
1747 548 1919 609 Orati

157 658 209 698 so
322 637 575 699 Frondis
620 639 975 699 honoratae:
1020 658 1198 698 rauce
1243 643 1426 715 poeta
1471 640 1634 700 vale!

1206 1044 1284 1109 X.

235 1177 322 1232 In
349 1178 629 1233 laudem
664 1178 719 1233 1.
750 1178 949 1233 ducis
976 1179 1352 1234 Mediolani
1398 1179 1674 1235 oratius
1700 1181 1824 1236 Ro.
1864 1179 2268 1248 composuit.

236 1317 375 1374 Dux
420 1333 605 1394 genus
652 1317 959 1393 egregium
1005 1315 1163 1375 bello
1210 1335 1329 1392 quo
1377 1319 1602 1393 sospite
1648 1338 1956 1394 nunquam

238 1406 353 1465 Res
398 1404 622 1464 Italum
666 1424 802 1464 reor
847 1407 1122 1464 externae
1169 1405 1550 1466 succumbere
1595 1409 1779 1484 genti,

242 1492 446 1553 Cernis
491 1497 563 1552 ut
606 1493 856 1552 insultet
901 1493 1076 1553 furiis
1122 1495 1391 1570 agitatus
1436 1496 1726 1572 Amyrras
2326 1517 2352 1554 4

238 1583 526 1643 Successu
570 1601 772 1641 rerum
817 1582 1047 1641 domita
1090 1602 1273 1659 quam
1316 1583 1519 1643 nobile
1565 1585 1864 1661 quondam
2327 1604 2351 1643 5

186 1691 210 1730 5
238 1671 587 1747 Hospitium
632 1671 836 1749 pelagi
881 1670 1187 1731 Pausania
1232 1673 1499 1732 condidit
1545 1673 1690 1733 urbe
2328 1693 2353 1732 e

240 1760 518 1836 Concipit
561 1760 858 1836 Europen.
950 1760 1141 1821 Italos
1188 1763 1339 1821 satis
1386 1781 1511 1822 esse
1557 1763 1797 1838 fatetur⁷
2329 1785 2350 1822 ἰ

164 1898 169 1904 .
241 1850 504 1910 Gonatus
551 1851 657 1926 qui
702 1851 823 1909 iam
869 1852 1073 1909 tantos
1120 1854 1183 1910 et
1226 1855 1371 1910 vota
1416 1855 1738 1912 morentur.
2327 1873 2352 1912 8

236 1941 363 2000 Nec
406 1938 603 1998 minus
650 1938 865 2000 audaci
908 1940 1160 2017 populos
1207 1941 1429 2018 premit
1470 1941 1734 2018 undique
1780 1941 1936 2002 bello
2328 1962 2353 2001 9

238 2030 556 2089 Finitimos
604 2028 898 2105 urbesque
944 2032 1007 2087 et
1051 2048 1227 2107 agros
1274 2034 1337 2089 et
1378 2050 1564 2109 regna
1606 2032 1849 2092 lacessit
2302 2051 2355 2090 10

159 2137 211 2177 ιο
239 2119 602 2193 Pandoniae,
648 2137 718 2179 ac
762 2118 925 2194 ripas
971 2118 1168 2178 Histri
1214 2120 1612 2180 circumsonat
1662 2123 1844 2182 armis
2304 2141 2351 2179 ιι

239 2206 528 2268 Otumani
572 2225 777 2284 genus,
822 2207 1139 2269 obscurum
1183 2212 1352 2268 trans
1400 2210 1604 2268 accola
1646 2213 1898 2286 pontum
2303 2229 2354 2268 ιιι

236 2299 539 2355 Euxinum
585 2301 647 2355 et
691 2298 946 2356 Tanaim
990 2297 1296 2357 Mahomes
1343 2301 1545 2374 erupit
1590 2298 1664 2357 ab
1711 2300 1908 2371 orcho‚
2303 2318 2355 2357 ιιι

240 2386 359 2454 Qui
405 2387 562 2445 ferro
610 2390 673 2445 et
715 2386 972 2447 flammis
1020 2387 1252 2446 caelum
1297 2389 1620 2463 populetur
1666 2391 1726 2447 et
1772 2388 1991 2448 orbem.
2304 2408 2356 2446 ιι

241 2475 306 2533 Si
353 2492 472 2533 non
517 2474 609 2534 vis
658 2477 845 2533 animi
889 2474 1141 2534 necdum
1187 2478 1363 2554 vigor
1406 2476 1511 2535 ille
1556 2477 1801 2538 recessit

159 2581 212 2622 ιε»
239 2564 497 2622 Martius
545 2566 684 2623 ante
730 2563 877 2638 dies,
922 2582 958 2623 o
1005 2564 1154 2665 quid
1196 2566 1343 2625 teris
1389 2566 1516 2625 otia
1561 2567 1786 2626 frustra
2303 2587 2356 2624 44

240 2653 477 2711 Ductor
519 2654 580 2712 et
623 2651 893 2712 imbelles
940 2654 1087 2712 sinis
1132 2654 1220 2712 ire
1265 2654 1558 2731 inglorius
1606 2654 1834 2715 annos?
2303 2673 2355 2714 4⁶

192 2794 201 2803 .
238 2743 377 2801 Non
422 2742 519 2799 illi
561 2761 810 2819 regnum
855 2742 1071 2801 Italiae
1117 2745 1503 2819 veterumque
1548 2745 1800 2819 labores,
2303 2762 2355 2803 ω

228 2831 359 2893 ,Sed
403 2831 518 2890 tibi
562 2832 694 2890 fata
738 2835 973 2908 parant.
1063 2832 1223 2890 Nam
1267 2832 1444 2893 rebus
1491 2833 1567 2891 ad
1612 2834 1829 2893 ultima
1873 2834 2057 2909 lapsis
2303 2852 2356 2891 54

240 2920 402 2978 Dum
448 2939 582 2996 spes
629 2921 798 2979 nulla
840 2920 973 2994 tibi,
1021 2922 1297 2995 quotiens
1341 2922 1586 2981 fortuna
1629 2923 1891 2984 refulsit!
2304 2941 2354 2980 56

156 3028 212 3067 20
241 3010 568 3085 Imperium
614 3011 841 3086 optasti
883 3009 1202 3089 Ligurum:
1247 3030 1370 3069 non
1414 3011 1589 3070 irrita
1634 3013 1763 3071 voti
2304 3030 2355 3070 56

243 3097 385 3159 Sors
430 3100 577 3175 fuit3
621 3099 869 3160 hostiles
917 3098 1137 3159 collato
1181 3099 1378 3158 Marte
1424 3102 1695 3160 catervas
2303 3119 2354 3160 57
2433 3109 2438 3115 '

242 3188 536 3253 Fulminis
581 3190 647 3247 in
693 3207 918 3247 morem
964 3188 1126 3248 fudit
1170 3192 1279 3248 tua
1323 3190 1531 3249 vivida
1577 3192 1785 3249 virtus.
2303 3208 2355 3249 68

384 3375 450 3428 X
490 3374 790 3430 Cod.14a7
829 3375 1217 3431 Bibliothecae
1251 3378 1447 3446 regiae
1473 3377 1740 3432 Lucensis
1768 3378 1922 3443 (Cod.
1943 3379 2276 3433 Lucchesini

240 3445 341 3500 Νι.
372 3449 497 3517 149)
532 3446 630 3501 fol.
661 3451 752 3500 73²
755 3452 938 3502 —75.
1015 3446 1238 3501 Titulus
1266 3447 1384 3502 alia
1407 3466 1580 3503 manu
1609 3449 1851 3519 scriptus
1880 3452 1990 3518 est3
2027 3450 2276 3505 numeris

242 3517 659 3643 dextffilaoefi
715 3512 975 3572 versuum
1031 3518 1336 3588 adscriptis
1391 3520 1779 3591 significantur
1833 3539 2022 3575 versus
2078 3521 2277 3576 carmi-

240 3606 331 3642 nie
