2650 3925
376 210 455 263 IV
1188 207 1602 262 PRAEFATIO

382 362 553 421 1453
603 360 867 419 carmina
911 359 1201 420 nonnulla
1247 378 1283 418 a
1332 378 1393 419 se
1440 362 1771 436 composita
1816 362 1880 417 in
1941 380 2245 437 unumque
2293 350 2422 420 cor-

378 451 692 527 pusculum
781 450 1031 508 collecta
1124 448 1200 507 ad
1281 448 1527 507 Petrum
1608 447 1942 508 Lunensem
2032 452 2419 509 secretarium

380 539 775 616 apostolicum
836 539 1004 598 misit
1073 538 1346 617 libellum
1407 557 1517 614 per
1580 558 1716 597 eum
1778 540 1844 596 in
1899 557 2128 607 ,manus
2202 541 2419 599 summi

377 628 679 705 pontificis
741 630 1062 688 venturum
1127 645 1252 685 esse
1316 645 1579 702 sperans.
1689 627 1779 686 De
1844 646 1964 703 quo
2030 627 2249 701 codice,
2316 630 2422 703 qui

378 719 484 777 ubi
530 719 685 778 esset
726 736 837 793 per
872 716 992 776 tria
1035 716 1159 775 fere
1205 717 1445 775 saecula
1489 717 1783 776 incertum
1830 719 1986 790 erat,
2040 718 2248 791 paucis
2295 719 2418 775 iam

382 825 559 885 agere
605 806 756 865 mihi
798 806 996 865 liceat.

515 896 768 955 Ioannes
818 892 1114 954 Gerardus
1159 893 1409 954 Vossius
1454 894 1521 952 in
1573 894 1729 953 libro
1775 896 1955 953 tertio
2017 895 2212 969 operis
2263 893 2426 969 quod

383 984 739 1060 conscripsit
782 984 853 1042 de
900 984 1202 1042 historicis
1248 981 1484 1043 Latinis
1512 1015 1601 1023 —
1628 984 1891 1058 primum
1935 985 1999 1041 in
2044 984 2239 1043 lucem
2285 1002 2422 1058 pro-

383 1075 498 1133 diit
572 1091 726 1132 anno
806 1074 984 1131 1627‘
1044 1104 1128 1112 —
1192 1072 1341 1130 haec
1423 1072 1571 1130 dicit
1644 1064 1761 1152 (ed.
1809 1071 1998 1150 Lugd.
2045 1072 2180 1131 Bat.
2234 1072 2424 1146 1651,

381 1184 440 1239 p.
483 1155 667 1240 584):
732 1162 919 1230 „Fuit
960 1162 1168 1220 iisdem
1230 1162 1580 1235 temporibus
1642 1159 1890 1236 [quibus
1953 1160 2260 1220 Candidus
2306 1162 2424 1220 De-

381 1249 704 1327 cembrius]
764 1251 1060 1310 Horatius
1122 1250 1432 1309 Romanas
1491 1252 1630 1318 sive,
1694 1255 1762 1309 nt
1804 1249 1995 1309 MSns
2060 1251 2180 1309 cod.
2239 1251 2425 1318 habet,

387 1342 630 1401 Oratins
691 1345 884 1415 poeta.
974 1340 1097 1399 Hic
1157 1340 1258 1399 ille
1321 1344 1420 1407 est,
1485 1342 1587 1413 qui
1647 1340 1924 1413 precibus
1984 1357 2024 1399 a
2067 1340 2315 1398 Nicolao
2376 1340 2432 1396 V
2551 1327 2557 1332 ’

372 1433 652 1506 pontifice
697 1433 968 1490 odoratas
1001 1431 1240 1503 primns
1276 1429 1488 1489 Iliada
1531 1430 1780 1488 Homeri
1838 1429 2140 1487 transtulit
2184 1428 2420 1489 Latine.

382 1522 554 1579 Idem
587 1537 802 1594 poema
848 1519 1103 1577 condidit
1148 1518 1316 1577 libris
1362 1518 1459 1585 II,
1506 1520 1602 1578 cni
1656 1536 1866 1577 nomen
1910 1518 2214 1578 Poroaria.
2307 1518 2424 1576 Est

382 1611 447 1668 id
529 1610 600 1668 de
680 1610 1105 1682 conspiratione
1182 1606 1467 1680 Stephani
1544 1607 1816 1667 Porcarii
1894 1610 2016 1667 sive
2087 1608 2418 1667 Porcii...

385 1699 700 1759 Dedicavit
741 1699 845 1757 hoc
878 1714 1093 1769 poema
1135 1698 1255 1769 ipsi
1301 1698 1573 1768 pontifici
1617 1697 1879 1756 Nicolao.
1971 1697 2276 1769 Raefatio
2330 1713 2426 1768 ye-

383 1790 552 1847 misna
598 1792 696 1855 est,
751 1803 942 1860 prosa
983 1804 1112 1845 ima
1166 1790 1265 1858 est,
1331 1786 1519 1844 altera
1565 1786 1645 1845 ad
1697 1788 2037 1859 pontificmn
2100 1802 2274 1844 versa
2321 1786 2428 1843 ele-

381 1880 565 1951 yiaco.
657 1877 873 1935 Poema
934 1877 1129 1949 ipswm
1191 1877 1276 1933 sic
1348 1876 1580 1947 incipit:
1655 1868 2012 1953 [sequuntur
2075 1891 2178 1933 sex
2241 1875 2427 1949 primi

385 1986 590 2027 versus
636 1960 977 2041 Porcariae]

520 2056 726 2114 Etiam
791 2056 1031 2129 eleyiam
1099 2054 1360 2127 reliquit,
1435 2056 1604 2113 cuins
1676 2054 1877 2112 titulus
1953 2054 2147 2113 Venus
2220 2071 2421 2112 aurea.

386 2146 545 2205 Item
590 2146 775 2204 aliam
820 2144 901 2203 ad
953 2145 1059 2202 Fr.
1105 2142 1391 2215 Sfortiam
1444 2143 1647 2202 ducem
1691 2143 2022 2201 Mediolani
2076 2160 2225 2216 qnae
2279 2145 2425 2201 inei-

377 2237 506 2309 pit:
549 2235 704 2293 Dive
746 2235 943 2292 virum
987 2233 1235 2307 lapsura
1281 2264 1367 2273 —

525 2323 785 2396 Scriptor
830 2327 913 2381 est
954 2339 1075 2380 non
1133 2321 1546 2395 aspernandus
1596 2321 1808 2394 plane,
1870 2321 1973 2379 sed
2036 2323 2139 2393 qni
2200 2321 2427 2379 sordidi

388 2414 758 2487 aliqnantwm
821 2412 1020 2470 trahat
1079 2411 1152 2469 ab
1218 2426 1358 2470 aevo
1405 2426 1515 2483 quo
1578 2411 1739 2468 vixit.
1831 2409 1985 2468 MSo
2052 2412 2175 2468 eins
2240 2410 2429 2468 codice

387 2519 533 2560 usus
576 2519 711 2559 swm
765 2518 834 2559 ex
888 2500 1019 2559 bibl.
1067 2499 1296 2558 doctiss.
1345 2503 1398 2558 et
1455 2500 1704 2559 amiciss.
1770 2501 1887 2558 viri
1933 2497 2084 2558 Arn.
2132 2499 2428 2557 Buchellii

387 2593 452 2650 J.
495 2589 556 2649 0.
606 2590 1029 2664 Ultrajectinif‘

526 2678 714 2748 Quem
758 2677 959 2738 Vossii
1003 2677 1203 2736 locum
1247 2677 1460 2736 afferre
1506 2679 1822 2752 scriptores
1869 2678 2215 2753 posterioris
2263 2678 2426 2735 aeta-

386 2770 470 2828 tis
517 2768 685 2828 velut
730 2767 1055 2842 Apostolus
1103 2768 1279 2839 Zeno,
1323 2766 1659 2838 Fabricius,
1705 2766 1965 2838 Vahlen,
2013 2766 2428 2825 Tommasinus

392 2859 542 2918 satis
601 2857 842 2931 habent,
904 2858 1103 2932 ipsum
1164 2874 1306 2916 vero
1372 2854 1670 2914 Buchellii
1732 2855 1993 2914 codicem
2055 2873 2228 2914 nemo
2291 2856 2431 2929 post

392 2948 678 3006 Vossium
723 2945 961 3006 videtur
1013 2947 1357 3020 inspexisse.
1448 2943 1641 3020 Atqui
1685 2943 1957 3002 exstabat
2010 2943 2191 3003 codex
2237 2946 2429 3002 exsta-

393 3037 618 3112 batque
661 3037 726 3095 in
771 3034 1030 3111 publicis
1075 3034 1481 3105 bibliothecis,
1525 3035 1787 3108 primum
1830 3035 1896 3091 in
1949 3032 2248 3092 tabulario
2293 3051 2430 3107 pro-

393 3127 628 3185 vinciae
640 3118 714 3206 1),
776 3143 934 3184 nunc
996 3141 1137 3183 vero
1185 3125 1253 3181 in
1312 3121 1676 3182 bibliotheca
1737 3124 2149 3181 universitatis
2195 3121 2430 3180 Rheno·

395 3215 800 3287 Traiectinae‚
873 3215 970 3272 cui
1043 3214 1148 3288 qui
1218 3215 1457 3288 praeest
1537 3211 1790 3290 benigne
1861 3212 2014 3270 mihi
2093 3211 2432 3270 transmisit

538 3438 590 3504 1)
626 3436 755 3491 Van
811 3436 921 3489 den
975 3435 1170 3491 levcne
1222 3451 1322 3488 ons
1387 3435 1576 3489 heren.
1650 3433 1771 3488 Een
1835 3433 2143 3503 Rijmwerk
2205 3434 2295 3487 uit
2360 3433 2431 3487 dc

392 3508 857 3563 Middelecuwen.
930 3506 1090 3561 Naar
1141 3523 1243 3562 een
1280 3506 1379 3560 Hs.
1429 3507 1530 3562 der
1565 3504 1668 3560 XV
1722 3521 1879 3560 eeuw
1914 3506 2253 3577 uitgegcvcn
2292 3506 2433 3559 door

396 3580 451 3633 P.
492 3580 542 3635 J.
581 3578 1013 3645 Vcrmeulen,
1052 3578 1290 3634 Utrccht
1327 3583 1484 3644 1843,
1523 3595 1578 3647 p.
1609 3576 1771 3632 XLII.
