2650 3925
373 209 463 273 46
680 222 685 226 ⁴
1319 204 1452 260 VIII

375 359 665 419 Difficiles
711 357 963 435 magnis
991 356 1289 432 superasti
1334 355 1670 432 sumptibus
1714 355 1901 433 Alpes

375 449 577 524 thue
621 447 793 508 bonis
839 449 1080 507 tantum
1125 444 1474 505 comunibus
1522 463 1734 522 aspera
1779 464 1990 523 passus

378 537 754 598 Consuleres:
799 536 946 596 haec
991 553 1113 595 una
1155 534 1271 593 tibi
1315 533 1419 594 via
1462 536 1594 594 visa
1638 535 1874 596 salutis.

380 626 754 687 Conveniam
797 624 901 684 ubi
945 627 1006 684 te
1050 625 1267 699 recipit
1309 622 1489 683 modo
1534 624 1785 683 Mantua
1829 643 2019 703 reges,

297 736 348 777 25
377 717 630 775 Mantua
658 714 1044 792 ⁸principibus
1088 712 1270 772 tellus
1317 711 1550 772 delecta
1595 715 1825 774 vocatis

378 806 586 866 Hostis
630 806 695 863 in
743 802 1052 863 excidium.
1144 800 1312 871 Quod
1361 801 1409 860 si
1457 802 1689 862 metiris
1736 806 1797 863 et
1842 822 2081 879 aequas,

380 895 516 953 Non
563 912 712 971 opus
758 893 1016 953 externis
1060 890 1207 951 belli
1249 909 1361 966 pro
1406 892 1675 951 nomine:
1719 892 1876 952 vires

382 982 702 1043 Sufficiunt
746 982 959 1057 Italae,
1003 979 1181 1040 modo
1229 981 1282 1039 si
1329 981 1706 1040 cumulentur
1750 981 1815 1039 in
1860 1001 2064 1057 unum,

379 1073 593 1131 Tutari
637 1071 968 1131 Ausoniam
1016 1071 1078 1129 et
1120 1069 1426 1129 venientes
1471 1069 1693 1145 pellere
1740 1071 1985 1146 TurcoS,

298 1182 351 1224 so
378 1161 535 1232 Quin
580 1160 795 1220 Asiam
839 1162 1020 1237 atque
1066 1157 1259 1219 oriens
1303 1159 1527 1217 iterum
1570 1177 1680 1218 sua
1726 1159 1834 1218 sub
1879 1162 2023 1239 iuga
2066 1162 2334 1221 mittant.

376 1251 511 1309 Huc
557 1249 826 1310 studium
870 1250 1146 1309 converte
1190 1266 1427 1324 parens,
1470 1247 1588 1307 huc
1633 1248 1825 1328 dirige
1869 1251 2147 1326 mentem,

377 1339 692 1399 Discordes
736 1338 1097 1416 populorum
1143 1339 1373 1396 animos
1417 1356 1746 1415 regumque
1793 1338 2127 1414 ducumque

378 1428 579 1488 Redde
624 1430 688 1486 in
735 1428 1082 1487 amicitiam.
1175 1423 1403 1487 Coeant
1444 1426 1511 1485 in
1555 1427 1798 1487 foedera
1842 1428 2110 1488 dextrae:

381 1515 669 1577 Omnibus
714 1535 832 1575 una
881 1517 1043 1576 salus
1088 1533 1278 1574 unum
1323 1519 1386 1574 et
1430 1533 1678 1575 comune
1723 1516 2032 1592 periclum,

298 1628 351 1669 35
381 1606 475 1665 Sit
519 1606 691 1666 labor
733 1624 887 1665 unus
936 1607 997 1665 et
1039 1622 1161 1663 una
1205 1603 1669 1680 indeficiensque
1713 1607 2009 1666 voluntas.

377 1696 671 1772 Hesperia
715 1697 781 1753 in
827 1695 1049 1754 Turcos
1094 1693 1244 1756 totis
1289 1697 1497 1755 vomat
1542 1694 1787 1756 aedibus
1834 1714 2063 1756 aurum.

377 1784 560 1845 Dives
608 1803 789 1861 opum
831 1783 1137 1844 variarum
1183 1783 1696 1844 armentosissima
1741 1784 1920 1844 tellus
2073 1804 2077 1807 ⁴

377 1874 628 1933 Auxilia
675 1892 842 1932 arma
888 1876 952 1933 et
996 1890 1180 1949 equos
1228 1891 1442 1934 aurum
1486 1873 1807 1952 frugesque
1852 1873 2135 1950 virosque

377 1964 562 2023 Italia
604 1963 862 2023 undanti
904 1963 1122 2023 fundet
1166 1964 1567 2039 pulcherrima
1614 1983 1813 2024 cornu.

297 2075 352 2116 40
379 2055 474 2112 Tu
516 2057 690 2130 pater
733 2053 1051 2133 imprimi8‚
1095 2051 1263 2113 cuius
1308 2052 1418 2112 sub
1462 2055 1708 2113 numine
1752 2072 1847 2113 res
1893 2056 2001 2129 est,

379 2142 592 2221 Delige
636 2145 1009 2219 praestantes
1056 2143 1280 2201 virtute
1325 2143 1389 2201 et
1432 2141 1660 2202 viribus
1708 2161 1894 2203 annos

378 2232 636 2290 Militiae
681 2232 779 2290 vel
826 2251 974 2308 quos
1020 2231 1196 2293 decus
1244 2234 1304 2291 et
1349 2232 1597 2290 fortuna
1642 2233 1943 2292 secundet.

379 2320 691 2400 Anguiger
734 2320 1072 2395 Insubrum,
1117 2321 1170 2380 si
1215 2339 1336 2379 non
1380 2319 1555 2397 vigor
1597 2320 1703 2379 ille
1746 2321 1987 2380 refrixit

379 2411 635 2469 Martius
682 2413 822 2469 ante
867 2410 1014 2485 dieS,
1060 2428 1095 2469 o
1145 2409 1293 2486 quid
1337 2410 1483 2470 teris
1531 2409 1654 2469 otia
1701 2410 1927 2488 frustra

299 2520 352 2560 45
381 2499 612 2559 Ductor
656 2501 718 2557 et
761 2498 1031 2559 imbelles
1078 2499 1226 2559 sinis
1271 2499 1360 2557 ire
1404 2499 1697 2577 inglorius
1745 2496 1974 2559 annos?

381 2588 513 2648 Iam
557 2589 681 2646 iam
727 2589 885 2649 acies
929 2588 1089 2648 bello
1136 2589 1408 2648 assuetae
1452 2588 1590 2648 Boii
1633 2586 2004 2666 Liguresque

382 2676 522 2735 Non
568 2678 770 2752 armis,
814 2696 936 2738 non
979 2678 1175 2738 Marte
1220 2677 1436 2751 calent,
1483 2695 1735 2754 operosa
1779 2676 2030 2753 capillos

382 2766 519 2825 Non
565 2767 740 2844 galea
785 2766 890 2826 sed
932 2766 1143 2826 fr0nde
1186 2767 1410 2844 premit
1453 2765 1813 2842 decoratque
1857 2765 2155 2826 iuventus.

381 2854 688 2914 Virtutem
731 2858 969 2932 torpere
1014 2857 1200 2916 sines:
1246 2873 1357 2933 age
1403 2854 1677 2931 protinus
1722 2873 1925 2915 omnes

303 2964 356 3005 50
380 2943 454 3003 In
501 2944 756 3003 Teucros
804 2961 1032 3005 arcesse
1078 2945 1254 3019 acieS,
1299 2945 1482 3004 simul
1526 2942 1789 3020 undique
1833 2943 2019 3004 robur

385 3032 760 3092 Sforciadum
806 3035 1329 3112 anguigenumque
1374 3035 1436 3093 et
1479 3033 1732 3094 ventilet
1776 3034 1990 3111 anguis
2034 3034 2102 3092 in
2146 3051 2353 3109 auras3

383 3122 633 3181 Eminus
681 3125 926 3182 auratae
973 3122 1211 3182 radient
1255 3121 1601 3183 diademata
1643 3122 1876 3183 frontis.

382 3211 442 3270 N
442 3230 520 3271 on
565 3211 661 3270 illi
704 3230 954 3289 regnum
999 3211 1215 3271 Italiae
1260 3215 1651 3288 veterumque
1696 3210 1950 3286 labores,

385 3299 502 3358 Sed
546 3300 664 3359 tibi
706 3301 837 3360 fata
880 3305 1116 3378 parant.
1207 3301 1267 3360 N
1268 3321 1367 3361 am
1409 3302 1585 3361 rebus
1632 3300 1712 3360 ad
1754 3301 1973 3363 ultima
2016 3301 2204 3378 lapsis

478 3512 631 3634 “aqi
634 3506 745 3572 Qui
771 3509 842 3561 Α.
907 3509 927 3577 u
991 3512 1059 3562 36
1096 3507 1370 3578 Hesperie
1406 3507 1587 3573 ωας
1635 3494 1705 3562 cf.
1744 3507 1813 3576 X,
1845 3512 1963 3562 146.
2028 3510 2050 3578 u
2110 3512 2179 3562 52
2217 3507 2416 3562 diade-

383 3595 478 3632 ma
