2650 3925
890 188 1303 245 PRAEFATIO
2036 190 2116 244 IX

167 341 390 400 Porcarii
435 359 606 400 comes
651 342 717 399 in
773 360 994 416 aquam
1042 339 1319 420 Stygiam
1375 340 1650 417 delapsus
1703 341 1979 400 manibus
2031 344 2126 399 at-

167 450 260 505 que
298 449 382 490 ore
418 433 586 490 ratem
633 432 798 506 capit
844 428 1161 489 Charontis
1201 422 1395 510 (Porc.
1422 430 1471 505 Ι,
1506 421 1682 511 166),
1726 433 1818 490 ita
1852 430 2120 507 Philippi

167 520 219 578 ie
255 519 494 598 Argentis
550 520 884 579 Florentini
945 518 1296 578 iracundum
1362 521 1747 584 simulacrum
1808 519 2120 597 navigium

167 609 439 778 Phlegyae)
452 607 684 686 Stygem
728 608 1040 667 iffaiecturi
1086 608 1600 684 comprehendisse
1654 608 1816 684 apud
1860 609 2124 668 Dantem

172 700 382 775 egimus.
397 690 416 728 ¹

260 787 443 862 Neque
466 787 523 845 in
568 788 907 863 argumenti
951 786 1126 846 modo
1156 790 1218 846 et
1263 806 1477 866 genere
1524 786 1761 846 dicendi
1788 787 1893 846 sed
1937 787 2120 846 etiam

167 897 199 933 n
237 895 294 934 re
333 877 558 935 metrica
610 894 1005 952 versuumque
1049 876 1282 935 ratione
1327 876 1652 935 Horatium
1697 876 1775 934 ad
1820 877 2130 952 exemplar

167 968 376 1024 eterum
439 967 741 1040 poetarum
814 967 1005 1024 artem
1082 983 1249 1024 suam
1332 965 1720 1025 laudabiliter
1801 965 2121 1025 excoluisse

168 1056 377 1129 pparet.
460 1052 633 1113 Cuius
696 1055 761 1112 in
835 1053 1196 1113 carminibus
1269 1073 1635 1130 quamquam
1696 1073 1817 1114 non
1889 1055 2129 1128 desunt,

168 1162 268 1201 uae
311 1142 380 1201 ab
423 1143 744 1202 elocutione
792 1144 853 1202 et
897 1145 1026 1201 arte
1072 1145 1324 1203 metrica
1370 1145 1757 1219 antiquorum
1812 1146 2122 1202 auctorum

167 1232 470 1307 bhorreant,
511 1234 712 1291 tamen
758 1233 936 1310 longe
981 1234 1046 1291 in
1092 1251 1164 1291 ea
1207 1252 1272 1291 re
1317 1231 1741 1308 praeferendus
1789 1250 1914 1292 esse
1960 1232 2121 1292 vide·

167 1342 215 1379 ir
248 1320 287 1378 J
288 1321 491 1397 osepho
526 1320 777 1397 Brippio
815 1320 1266 1397 Registraturae
1313 1340 1467 1396 quae
1515 1322 1736 1382 dicitur
1780 1320 2130 1397 pontificiae

167 1410 417 1485 raesecto,
461 1409 554 1470 cui
589 1412 650 1469 et
692 1411 814 1485 ipsi
859 1411 1139 1470 carminis
1185 1409 1401 1469 edendi
1444 1411 1811 1470 occasionem
1847 1411 2133 1486 praebuit

167 1501 431 1561 orcariuS.
518 1498 645 1568 Quo
692 1498 766 1556 de
812 1500 1072 1557 carmine
1119 1499 1195 1557 ad
1243 1518 1312 1558 ea
1359 1518 1513 1575 quae
1559 1499 1683 1558 dixi
1718 1501 1784 1557 in
1829 1519 2126 1559 commen-

168 1589 317 1647 riolo
363 1607 536 1663 quem
582 1589 1043 1646 commemoravi
1087 1589 1370 1648 lectorem
1415 1607 1695 1648 revocare
1731 1590 1884 1647 mihi
1927 1589 2128 1647 liceat.

239 1678 294 1734 3.
344 1675 588 1734 Carmen
637 1677 983 1754 elegiacum,
1021 1676 1179 1752 quod
1223 1677 1575 1737 inscribitur
1608 1676 1845 1738 Venus
1894 1697 2131 1737 aurea.

167 1766 280 1824 iius
354 1768 767 1841 argumentum
839 1768 1093 1842 sumpsit
1154 1764 1449 1826 Horatius
1513 1786 1545 1825 e
1618 1769 1881 1826 carmine
1928 1763 2126 1845 Ἔρως

167 1850 386 1931 απέτης
433 1854 595 1930 quod
638 1855 875 1914 Moschi
927 1855 1297 1931 perhibetur,
1357 1875 1550 1932 neque
1602 1859 1807 1915 tamen
1853 1858 2134 1915 accurate

167 1942 240 2003 ud
303 1943 368 2002 in
431 1944 705 2022 linguam
765 1945 1022 2004 latinam
1083 1945 1398 2006 transtulit
1458 1947 1527 2005 ut
1588 1948 1800 2021 postea
1861 1944 2132 2023 Angelus

170 2033 426 2092 litianus
440 2025 512 2114 ²),
561 2033 666 2093 sed
711 2052 943 2093 summa
988 2035 1268 2095 libertate
1315 2040 1670 2113 argumento
1715 2053 1857 2095 usus
1901 2054 2127 2095 novum

167 2141 324 2182 >rsus
373 2141 616 2183 carmen
664 2125 854 2182 altero
901 2123 1024 2182 fere
1080 2126 1253 2182 tanto
1308 2125 1503 2184 maius
1559 2125 1796 2200 alioque
1850 2142 2132 2185 versuum

167 2232 291 2271 iere
340 2212 598 2272 effinxit.

209 2303 270 2360 4.
330 2301 444 2359 Ad
528 2302 993 2361 Franciscum
1077 2300 1430 2361 Sfortiam
1511 2302 1720 2361 ducem
1802 2302 2134 2362 Mediolani

167 2390 266 2467 gia
316 2391 588 2466 epistola
634 2390 711 2448 ad
757 2390 1149 2451 Nicodemum
1196 2391 1495 2467 quendam
1538 2393 1893 2468 praemissa,
1952 2410 2130 2467 quem

178 2497 438 2536 carmen
486 2479 751 2554 principi
793 2480 999 2538 tradat
1042 2480 1337 2540 hortatur.
1432 2479 1848 2557 conscriptum
1893 2478 2138 2539 videtur

167 2585 220 2625 ιο
277 2568 465 2625 1451
541 2566 777 2627 foedere
831 2569 991 2627 inter
1034 2568 1354 2629 Alfonsum
1415 2589 1612 2647 regem
1662 2572 1724 2628 et
1767 2569 2130 2628 Venetianos

167 2682 174 2708 ι
258 2655 567 2731 belloque
644 2659 852 2715 contra
925 2654 1214 2716 Sfortiam
1284 2658 1780 2735 Florentinosque
1854 2678 1989 2719 cum
2062 2677 2134 2717 eo

167 2747 432 2805 iunctos
485 2747 858 2819 imminente,
906 2764 1036 2805 cum
1077 2751 1270 2806 metus
1317 2750 1490 2823 esset,
1526 2767 1600 2807 ne
1636 2747 1795 2826 regis
1840 2748 2136 2806 exercitus

167 2834 333 2895 fines
405 2833 725 2911 pontificis
787 2836 1200 2911 irrumperent.
1293 2836 1497 2896 Monet
1562 2840 1761 2897 autem
1826 2836 2136 2910 sfortiam,

167 2944 213 2984 [s
265 2926 585 3000 potentia
632 2927 811 3000 atque
859 2927 1189 2985 auctoritas
1236 2929 1530 3001 quantum
1556 2928 1700 2985 tunc
1742 2926 1903 3003 apud
1930 2944 2138 2984 omnes

167 3015 374 3072 [erint
425 3032 619 3073 nemo
669 3016 761 3072 est
808 3016 913 3089 qui
975 3016 1232 3088 nesciat,
1296 3018 1367 3073 ut
1420 3017 1722 3075 communi
1782 3015 1952 3074 hoste
1996 3033 2132 3091 pro·

172 3121 215 3161 o
272 3121 445 3178 opes
514 3102 861 3179 pontificias
915 3104 1199 3163 restituat
1251 3123 1579 3180 pacemque
1631 3104 1844 3163 reddat
1894 3104 2137 3178 Italiae,

167 3347 230 3413 1)
273 3343 542 3398 Inferni
583 3347 728 3398 cant.
767 3343 912 3411 Vm,
941 3349 1026 3400 40.

167 3420 227 3483 2)
273 3415 500 3470 Amor
568 3415 843 3485 fugitivus
908 3431 940 3469 e
975 3431 1142 3486 greco
1179 3414 1398 3470 Moschi
1461 3415 1522 3468 in
1575 3414 1914 3469 Politiani
1972 3414 2138 3484 Opp.,

171 3502 301 3541 eae
352 3491 551 3551 1553,
592 3505 648 3556 p.
680 3492 763 3541 93.
837 3486 1009 3541 Prose
1062 3486 1280 3557 volgari
1317 3503 1350 3541 e
1395 3486 1585 3556 poesie
1621 3486 1800 3540 latine
1846 3502 1876 3540 e
1931 3486 2139 3556 greche

167 3576 299 3629 ng.
350 3557 759 3612 Poliziano
807 3558 893 3612 ed.
934 3557 1044 3612 del
1081 3559 1340 3629 Lungo,
1378 3557 1607 3612 Firenze
1648 3563 1803 3625 186⁷,
1840 3575 1894 3627 p.
1928 3564 2048 3612 525.
