2650 3925
395 172 481 236 66
1106 173 1323 228 PETRI
1360 174 1458 228 DE
1499 174 1713 230 GODIS

391 323 565 399 foret,
630 323 734 400 qui
787 324 1030 383 Italiam
1093 325 1437 401 relinquens
1493 327 1721 387 curiam
1765 329 1928 387 ultra
1976 331 2208 388 montes
2254 331 2444 389 tenu·

389 414 555 488 isset,
601 415 663 472 et
708 414 794 472 sic
840 414 1177 489 Stephanus
1222 415 1449 476 Romae
1496 434 1735 477 securus
1779 420 2181 478 remansisset.

525 502 595 562 B.
667 502 867 562 Verba
930 505 1071 563 sunt
1132 505 1297 563 haec.
1405 505 1667 565 Pecunia
1730 524 1852 568 non
1913 509 2116 582 potest
2178 506 2439 568 deficere

389 610 602 667 papae,
646 612 789 651 nam
824 592 896 651 de
931 592 1082 651 hora
1117 593 1183 651 in
1224 593 1439 654 horam
1480 595 1745 672 undique
1792 595 2101 656 confluunt
2134 599 2434 673 pecuniae
2593 597 2619 632 '⁴

338 708 362 748 5
391 680 471 739 ad
532 700 771 758 papam,
835 681 1173 758 ubicunque
1229 684 1336 760 sit3
1409 682 1745 761 Stephanus
1810 687 2012 744 autem
2074 689 2435 761 consum-pto

390 770 582 845 spolio
629 771 784 830 unde
829 771 1145 847 pecuniam
1188 771 1537 832 habuisset?
1595 773 1877 833 Preterea
1929 793 2033 833 rex
2078 774 2437 853 Aragonum

391 877 624 936 semper
658 861 779 920 fuit
822 862 1105 920 ecclesiae
1145 860 1450 921 Romanae
1494 865 1814 938 protector,
1859 865 2128 939 tempore
2165 863 2433 941 Eugenii

388 968 584 1025 papae
618 949 748 1009 ΠΠ
791 953 998 1027 gentes
1044 969 1349 1010 armorum
1383 969 1523 1010 suas
1562 953 1623 1011 et
1666 953 1852 1011 etiam
1895 970 2213 1028 personam
2253 970 2432 1013 suam

390 1038 666 1114 exposuit
737 1040 814 1099 ad
886 1040 1351 1116 recuperandam
1413 1039 1744 1100 Marchiam
1804 1040 2287 1102 Anchonitanam
2354 1042 2431 1102 de

312 1156 364 1195 10
391 1129 666 1187 manibus
727 1130 962 1189 comitis
1025 1128 1332 1189 Francisci
1376 1127 1607 1189 Sforcia
1661 1148 1818 1189 nunc
1872 1130 2038 1190 ducis
2083 1131 2430 1190 Mediolani.

389 1216 490 1287 Ha
562 1219 860 1293 quomodo
934 1218 1170 1278 credere
1242 1222 1440 1295 poteS,
1523 1219 1684 1295 quod
1752 1238 1858 1278 rex
1926 1218 2431 1296 prudentissimus

393 1304 695 1382 Stephano
743 1308 862 1367 civi
904 1307 1175 1368 Romano
1239 1309 1621 1384 pauperrimo
1676 1310 1877 1383 potius
1940 1308 2188 1369 favisset
2244 1329 2431 1385 quam

388 1414 620 1456 summo
665 1396 976 1472 pontifici?
1024 1397 1316 1457 Similiter
1353 1398 1486 1473 quis
1514 1397 1659 1455 baro
1687 1397 1993 1457 Romanus
2019 1397 2132 1457 hoc
2170 1398 2430 1472 fecisset,

389 1484 536 1560 quia
561 1486 673 1544 hoc
700 1505 820 1545 non
849 1488 940 1545 est
983 1486 1342 1545 rationabile
1377 1504 1484 1545 nec
1529 1486 1886 1546 credendum
1914 1489 2021 1546 est.
2110 1486 2201 1545 Ac
2242 1488 2432 1546 etiam

313 1600 362 1640 15
391 1573 583 1650 credo,
630 1574 786 1651 quod
832 1579 1184 1651 recuperata
1222 1577 1344 1636 cito
1379 1576 1571 1635 Roma
1615 1576 1789 1649 foret,
1832 1579 1904 1634 ut
1947 1575 2203 1650 predixi.
2243 1579 2305 1635 et
2340 1578 2429 1635 sic

390 1665 569 1738 rapta
619 1666 904 1724 restituta
967 1666 1247 1725 fuissent:
1310 1684 1570 1741 namque
1624 1665 1861 1740 quando
1908 1666 2212 1743 Eugenius
2266 1684 2429 1742 papa

389 1751 518 1811 ΠΠ
562 1753 720 1831 fugit
766 1774 835 1814 ex
889 1754 1053 1831 urbe,
1115 1758 1261 1816 tunc
1323 1754 1683 1813 camerarius
1726 1772 1922 1830 papae
1986 1754 2262 1814 detentus
2307 1753 2428 1815 fuit

392 1859 429 1898 a
475 1842 778 1919 RomaniS,
834 1845 1030 1919 aliqui
1083 1846 1268 1904 etiam
1322 1844 1573 1903 curiales
1638 1841 1966 1919 depredati,
2028 1846 2240 1920 postea
2267 1862 2423 1903 -vero

392 1932 512 1991 cito
557 1931 749 1992 Roma
787 1932 864 1992 ad
910 1933 1226 1994 ecclesiam
1268 1951 1507 1994 reversa
1552 1935 1913 1993 camerarius
1957 1933 2262 1993 relaxatus
2308 1933 2422 1990 fuit

311 2047 364 2086 20
392 2023 453 2080 et
498 2024 702 2083 omnia
745 2022 903 2082 bona
947 2023 1203 2084 dominis
1262 2042 1466 2083 eorum
1511 2024 1791 2082 restituta
1835 2024 2099 2096 fuerunt,
2144 2022 2411 2098 quamvis

391 2109 660 2187 Phihppi
704 2112 931 2172 Mariae
974 2116 1121 2174 tunc
1166 2113 1334 2172 ducis
1378 2111 1706 2172 Mediolani
1750 2115 1955 2190 gentes
2016 2130 2319 2171 armorum
2360 2112 2419 2169 et

393 2200 584 2276 aliqui
618 2199 869 2261 barones
904 2202 1164 2262 Romani
1205 2202 1390 2279 ipsius
1428 2201 1594 2261 ducis
1642 2203 1821 2260 amici
1865 2204 2074 2260 contra
2116 2199 2422 2260 ecclesiam

391 2308 701 2349 romanam
745 2291 958 2350 forent.
1051 2290 1222 2361 Quod
1266 2309 1427 2367 papa
1477 2293 1647 2349 extra
1691 2290 1934 2349 Italiam
1988 2291 2218 2349 curiam
2261 2292 2424 2349 tene—

391 2381 511 2453 ret,
583 2398 704 2438 non
777 2380 999 2440 credas.
1094 2380 1220 2440 Scit
1283 2379 1443 2439 enim
1506 2381 1699 2439 omnis
1759 2380 1965 2453 homo,
2039 2379 2200 2454 quod
2271 2378 2426 2438 sedis

315 2493 364 2532 25
395 2469 758 2543 apostolicae
802 2469 1127 2529 residentia
1168 2468 1415 2545 propria
1459 2470 1526 2527 in
1569 2467 1714 2528 urbe
1761 2471 1878 2542 est,
1922 2468 2021 2526 hic
2065 2469 2227 2526 enim
2271 2466 2428 2526 sedit

393 2558 623 2632 Petrus,
667 2558 766 2616 hic
812 2560 905 2618 est
920 2588 931 2595 „
958 2558 1238 2618 cathedra
1280 2558 1452 2619 Petri
1496 2559 1557 2617 et
1601 2559 1847 2618 ecclesia
1891 2575 2124 2632 semper
2177 2557 2427 2615 ecclesia

394 2646 663 2705 Romana
724 2648 1063 2722 appellatur
1120 2666 1229 2707 nec
1292 2646 1453 2723 apud
1515 2647 1771 2723 populos
1835 2647 1989 2705 alius
2043 2663 2219 2705 verus
2263 2664 2427 2721 papa

391 2738 632 2796 tenetur
695 2756 877 2811 quam
938 2738 1061 2810 ille,
1127 2739 1229 2813 qui
1283 2736 1508 2795 Romae
1571 2736 1808 2795 residet.
1898 2735 2071 2794 Unde
2135 2736 2188 2794 si
2249 2753 2424 2794 verus

394 2844 552 2901 papa
599 2824 746 2884 alibi
801 2825 1087 2886 resideret
1132 2827 1192 2885 et
1238 2826 1393 2885 alius
1437 2844 1544 2901 per
1598 2824 1915 2885 concilium
1958 2825 2055 2883 vel
2100 2824 2223 2882 alio
2269 2823 2424 2882 colo-

315 2939 368 2979 so
395 2917 528 2973 rato
574 2915 750 2974 modo
798 2915 1115 2992 eligeretur
1161 2918 1220 2974 et
1272 2917 1672 2974 assumeretur
1715 2916 1779 2972 in
1825 2932 2049 2989 papam
2093 2915 2156 2972 et
2198 2912 2425 2972 Romae

394 3003 695 3078 resideret,
741 3003 794 3063 is
846 3005 999 3064 alius
1056 3024 1092 3063 a
1135 3003 1375 3080 populis
1430 3023 1604 3064 verus
1650 3021 1809 3079 papa
1854 3003 2206 3063 crederetur.
2284 3001 2425 3059 Pre—

394 3096 560 3153 terea
604 3111 799 3169 papae
842 3094 1129 3153 residenti
1163 3095 1227 3151 in
1262 3095 1426 3153 terra
1471 3093 1668 3151 aliena
1712 3093 2043 3169 imperatur
2088 3110 2125 3150 a
2169 3090 2424 3150 dominis

541 3270 574 3318 6
609 3264 729 3319 Rex
775 3265 1033 3333 preterea
1070 3264 1144 3318 K.
1192 3265 1210 3333 ΙΙ
1257 3268 1289 3315 8
1327 3262 1501 3317 etiam
1547 3263 1690 3317 deest
1726 3261 1800 3315 K.
1847 3263 1866 3331 ΙΙ
1913 3265 1943 3314 9
1981 3259 2424 3329 recuperandum

398 3338 473 3392 K.
503 3338 522 3405 ΙΙ
552 3340 618 3389 10
655 3336 835 3390 forcia
871 3336 944 3390 K.
974 3338 994 3405 ΙΙ
1023 3342 1087 3389 11
1131 3334 1221 3388 Ha
1257 3335 1401 3389 deest
1436 3334 1511 3388 K.
1540 3336 1560 3404 ΙΙ
1607 3339 1671 3386 17
1710 3333 1823 3386 fuit
1858 3334 2004 3388 deest
2038 3334 2114 3387 K.
2142 3334 2162 3401 ΙΙ
2192 3336 2258 3386 18
2294 3347 2423 3385 vero

398 3410 538 3464 deest
573 3409 651 3462 K.
696 3410 716 3477 ΙΙ
764 3413 828 3460 19
865 3408 980 3475 fuit
1023 3408 1155 3476 post
1196 3423 1410 3461 reversa
1450 3405 1663 3475 legitur
1696 3405 1758 3458 in
1796 3404 1871 3458 K.
1916 3406 1936 3474 ΙΙ
1983 3409 2051 3457 20
2089 3404 2148 3458 et
2184 3402 2425 3465 dominis

399 3496 591 3535 eorum
628 3478 818 3532 omnia
853 3478 1004 3532 bona
1041 3478 1115 3533 K.
1190 3476 1445 3544 quamvis
1484 3476 1657 3529 etiam
1686 3476 1760 3530 K.
1798 3477 1818 3545 ΙΙ
1854 3480 1922 3528 23
1958 3490 2252 3530 romanam
2285 3473 2427 3529 deest

399 3553 475 3607 K.
505 3554 524 3621 ΙΙ
553 3555 619 3604 29
659 3549 956 3603 consilium
995 3550 1066 3602 K.
1142 3547 1310 3603 color.
1349 3547 1518 3603 titulo
1558 3549 1632 3602 K.
