2650 3925
919 174 1287 230 PORCARIA

163 326 390 401 Discutit,
428 326 558 385 inde
603 326 882 387 humeros
926 326 1337 405 pallentiaque
1384 347 1488 387 ora
1533 348 1835 407 genasque

163 415 383 493 )etergit
420 415 710 490 manibus,
754 416 1023 495 nigranti
1068 418 1381 495 aspergine
1426 417 1648 478 tinctos

163 505 378 564 sentilat
415 505 545 563 inde
591 504 790 580 pedeS,
835 506 1079 565 meliore
1126 506 1369 566 afflatus
1412 507 1478 565 in
1525 525 1673 566 aura

163 594 204 652 {e
245 594 391 653 videt
432 596 813 672 agnoscitque
857 595 1127 655 homines
1172 594 1538 672 Latiumque
1582 596 1862 672 locosque
1959 655 1962 656 γ

163 683 494 759 Ἰατροίαεᾳιιο
539 684 751 760 procul
796 683 1095 761 quondam
1145 682 1449 761 Capitolia
1491 703 1692 761 rupes,

163 772 270 832 [inc
312 773 553 831 Tuscum
599 771 828 831 Tibrim
874 776 936 832 et
982 772 1315 833 Carmentis
1360 774 1597 833 moenia
1640 777 1801 835 vatis

163 861 420 935 'atidicae,
464 880 614 937 quae
659 880 780 921 non
826 862 1042 921 cecinit
1082 881 1241 922 nova
1286 865 1557 922 casmata
1601 863 1843 923 Romae.

163 952 230 1008 ‘ix
270 950 503 1026 pedibus
548 951 1008 1027 superinsistens
1052 952 1427 1029 pavidusque
1470 954 1767 1013 tremiscit

163 1039 363 1118 'irgulti
404 1039 465 1098 in
506 1059 750 1115 morem,
796 1040 983 1100 donec
1026 1041 1284 1119 vestigia
1329 1043 1549 1118 pressit

164 1129 340 1188 ortius
382 1130 440 1188 et
478 1129 662 1189 robur
706 1130 948 1208 gracilis
995 1134 1214 1190 natura
1257 1132 1501 1207 recepit.

167 1221 284 1276 cior
325 1217 456 1296 igne
498 1218 664 1279 Iovis
708 1219 1053 1296 rapidisque
1101 1219 1344 1278 citatior
1388 1221 1610 1279 austris

163 1307 363 1366 micuit
404 1306 621 1367 macies
667 1308 982 1383 pallorque
1025 1310 1271 1368 recessit
1316 1308 1392 1367 ab
1440 1328 1557 1367 ore.

163 1398 306 1473 irpit
347 1396 459 1455 iter
500 1397 758 1474 validm,
801 1396 1046 1456 tandem
1091 1416 1270 1472 super
1315 1396 1514 1458 astitit
1556 1398 1708 1457 urbi.

164 1487 349 1544 iratur
391 1504 628 1561 campos
671 1504 809 1544 raro
856 1486 1222 1545 sterilescere
1267 1487 1453 1554 cultu,

163 1577 350 1632 iratur
391 1576 596 1634 niveas
640 1574 894 1650 pecudes
940 1594 1138 1636 errare
1184 1594 1292 1652 per
1336 1583 1512 1653 agros

163 1681 530 1738 ›rcorumque
575 1682 785 1741 greges
830 1665 1187 1740 patulosque
1231 1665 1296 1723 in
1343 1682 1566 1724 cornua
1609 1669 1816 1725 tauros

163 1772 175 1810 3
219 1771 400 1830 genus
446 1771 616 1811 omne
663 1753 842 1812 simul
885 1772 1182 1829 pecorum,
1228 1773 1416 1832 genus
1462 1773 1635 1813 omne
1678 1754 1958 1814 ferarum.

163 1841 386 1901 'siectas
430 1842 569 1900 hinc
613 1842 753 1902 inde
798 1842 1005 1902 domos
1051 1847 1439 1920 veterumque
1484 1843 1718 1903 labores

163 1930 364 2007 idique
410 1931 720 2007 collapsoS,
765 1933 990 1992 turrita
1034 1933 1267 2009 palatia
1312 1934 1633 2010 quondam,

163 2039 257 2080 mc
303 2023 568 2096 aequata
612 2021 758 2095 solo,
804 2021 947 2082 celsi
991 2022 1227 2081 radiata
1273 2020 1506 2085 Colossi

163 2111 364 2169 lmina
409 2112 471 2169 et
513 2112 788 2188 ingentes
836 2130 985 2188 quas
1031 2111 1160 2187 ipse
1204 2111 1571 2173 instruxerat
1615 2110 1778 2172 aedis

163 2199 387 2259 efecisse
433 2199 619 2274 videt,
666 2200 845 2260 simul
890 2203 953 2259 et
995 2200 1247 2261 traxisse
1291 2200 1501 2259 ruinas

163 2287 334 2364 mpla
382 2289 577 2363 deum,
622 2289 848 2350 fractas
893 2289 1033 2349 hinc
1078 2289 1217 2349 inde
1263 2293 1463 2350 astare
1510 2291 1832 2351 columnas.

163 2398 204 2435 n
250 2380 487 2453 spirare
533 2380 782 2454 animas,
827 2380 998 2439 vivas
1042 2379 1168 2438 iam
1210 2378 1456 2439 reddere
1500 2398 1674 2439 voces

163 2465 397 2525 ‚rmoris
444 2467 585 2525 hinc
630 2468 872 2542 formaS,
916 2468 1143 2544 passim
1187 2470 1306 2528 nisi
1349 2468 1544 2527 fracta
1586 2468 1852 2529 iacerent

163 2556 365 2631 mbra,
412 2556 582 2615 videt
626 2558 1015 2633 veterumque
1060 2557 1358 2616 animatas
1403 2577 1592 2633 paene
1636 2558 1879 2636 figuraS,

163 2648 228 2703 te
277 2644 689 2720 triumphales
734 2646 947 2705 titulos
992 2645 1239 2705 virtutis
1283 2647 1554 2721 honores,

163 2738 288 2793 ista
335 2733 700 2793 minutatim
743 2735 1027 2794 torrenda
1070 2738 1134 2793 in
1182 2736 1343 2795 calce
1388 2739 1605 2812 parata

163 2823 333 2881 emit
383 2826 449 2883 et
495 2824 672 2901 longe
718 2827 921 2883 vectos
968 2823 1212 2883 aliunde
1257 2823 1509 2885 labores.

163 2930 438 2989 gressus
486 2911 732 2972 tandem
776 2913 976 2973 media
1019 2913 1418 2990 proficiscitur
1462 2914 1607 2973 urbe
1954 2919 1993 2958 ⁸

163 3002 456 3061 lustrans
504 3002 645 3061 hinc
689 3002 829 3062 inde
875 3003 1092 3078 oculis3
1137 3004 1372 3063 variare
1418 3003 1642 3081 figuras
1898 3014 1902 3017 “

163 3110 256 3166 [ue
308 3090 571 3150 habitus
615 3092 928 3151 hominum
971 3094 1163 3152 cernit
1205 3092 1571 3169 paulumque
1615 3095 1883 3153 moratus

163 3198 212 3238 ιο
266 3198 518 3239 secum:
566 3181 873 3251 Quaenam
918 3200 1063 3259 gens
1109 3182 1255 3240 haec
1299 3184 1475 3240 tenus
1519 3182 1766 3260 inguine
1811 3185 2012 3243 vestes

163 3288 210 3327 ‚e
264 3270 446 3346 gerit
494 3271 557 3328 et
600 3269 852 3346 pedibus
897 3271 1152 3329 nimium
1198 3270 1556 3348 gradiuntur
1600 3273 1793 3331 acutis

165 3376 422 3434 osoque
474 3376 674 3419 comas
718 3358 1077 3420 umbrantur
1121 3362 1183 3419 et
1228 3378 1335 3419 ora
1380 3358 1624 3437 galero?

177 3550 298 3599 17⁷
344 3545 597 3600 Frustra

2029 178 2121 243 25
