2650 3925
916 214 1285 271 PORGARIA

165 369 239 426 Ad
277 387 481 445 superos
521 370 677 428 vixit
717 387 925 445 vove0,
971 368 1080 445 qui
1124 367 1334 429 Portia
1378 367 1552 427 finxit

165 459 376 518 Nomina
413 459 474 517 de
513 458 711 534 porcis
754 459 1040 535 titulique
1086 459 1367 535 ascripsit
1409 457 1695 517 honorem

165 546 401 607 Jentibus
440 546 710 615 obscuris,
800 548 974 607 Vnde
1018 547 1118 605 hic
1163 548 1511 608 sceleratior
1556 548 1746 605 extat:

165 637 282 695 ffum
320 636 511 713 puduit
555 638 783 697 claram
826 638 1058 713 prolem
1102 637 1430 697 virtutibus
1474 636 1638 709 olim,

165 726 291 785 Jnde
330 728 413 785 tot
450 726 708 787 illustres
752 726 972 786 fulsere
1018 725 1096 786 ad
1140 726 1338 787 sidera
1383 726 1561 801 cives,

165 815 427 875 ›ffendisse
466 815 764 875 hominem
809 818 870 875 et
914 815 1143 892 rigidos
1188 816 1402 875 lusisse
1448 812 1747 875 Catones?

165 904 274 971 luid
313 907 532 980 poteras
577 903 839 973 vesane?
881 904 1059 963 Pium
1102 904 1332 965 violare
1377 905 1689 980 parentem

165 1012 310 1052 ausus
351 1012 406 1052 es
450 996 626 1068 atque
669 995 871 1070 ipsum
915 997 1177 1053 mactare
1223 996 1289 1054 in
1333 995 1543 1052 limine
1588 994 1819 1068 templi,

165 1082 386 1141 'raesule
429 1101 538 1157 quo
583 1086 822 1143 nostrae
866 1083 1113 1143 libertas
1159 1083 1392 1162 gratior
1434 1081 1571 1141 urbi

165 1172 252 1230 [on
293 1172 404 1229 fuit
444 1175 544 1230 aut
587 1174 783 1233 maior
824 1172 1024 1250 viguit
1066 1173 1314 1249 pietatis
1359 1174 1577 1249 imago.

168 1261 281 1318 alia
322 1260 457 1319 dum
497 1261 698 1336 ferret,
744 1263 937 1321 latum
984 1280 1102 1337 quo
1148 1263 1378 1321 cinctus
1424 1261 1503 1319 ad
1549 1279 1749 1319 ensem

165 1350 394 1425 nposuit
434 1349 704 1409 dextram
746 1352 951 1410 miseri
993 1351 1389 1428 iugulumque
1434 1351 1680 1410 sinistra

166 1440 293 1516 ngit
335 1441 393 1498 et
433 1439 799 1499 infrendens:
843 1440 1096 1508 Minima
1140 1442 1207 1498 ni
1250 1439 1425 1516 plebe
1469 1440 1682 1499 fuisses

165 1528 368 1603 [ferion
411 1527 631 1603 pudeat
675 1529 964 1588 scelerare
1009 1531 1075 1587 in
1121 1531 1411 1607 sanguine
1455 1528 1678 1587 ferrum

165 1620 183 1673 t
225 1617 333 1676 vili
376 1622 435 1676 et
476 1619 634 1676 tetro
679 1619 803 1678 iam
847 1616 1204 1695 degenerare
1254 1617 1557 1678 Catonem.

165 1726 190 1763 1
233 1709 433 1765 tamen
479 1706 629 1765 adde
673 1706 915 1782 Mynos:
961 1725 1141 1767 ausus
1185 1709 1507 1767 temeraria
1553 1705 1810 1782 quando,

165 1798 292 1853 mat
335 1795 433 1855 hic
476 1814 705 1856 mersus
749 1795 1066 1855 tenebrosa
1109 1796 1175 1854 in
1219 1799 1456 1855 tartara
1498 1797 1808 1871 praeceps!

165 1884 322 1943 inuit
364 1884 462 1943 his
506 1884 702 1960 iudex,
744 1903 972 1962 poenas
1016 1904 1157 1945 mox
1200 1886 1332 1945 fata
1378 1887 1724 1963 sequuntur.

173 1974 412 2033 Interea
460 1993 576 2034 vox
621 1978 714 2034 est
757 1976 995 2036 diversa
1038 1994 1148 2052 per
1191 1977 1438 2054 agmina
1482 1992 1720 2034 sursum

166 2066 551 2122 niuratorum
594 2065 812 2140 laqueo
858 2065 1004 2124 data
1051 2083 1300 2140 corpora
1344 2064 1525 2124 morti

194 2171 427 2227 poenas
476 2155 766 2213 scelerum
811 2154 991 2214 simul
1039 2157 1101 2213 et
1145 2153 1403 2229 pendere
1450 2154 1559 2212 sub
1606 2172 1800 2212 auras.

165 2242 359 2317 dique
405 2243 603 2302 fervet
643 2245 780 2318 iter,
825 2243 1199 2320 speculisque
1243 2261 1351 2319 per
1397 2242 1535 2301 avia
1579 2242 1758 2319 longe

165 2332 308 2388 zenti
352 2335 671 2407 nequeunt
713 2333 916 2393 oculos
963 2332 1185 2392 satiare
1229 2331 1455 2393 tuendo

165 2417 469 2494 tonitique
513 2424 763 2480 monent
803 2424 1007 2498 patres
1054 2422 1363 2480 attendere
1407 2424 1582 2479 natos

193 2508 479 2566 conferre
526 2509 740 2570 volunt
785 2529 1073 2586 casusque
1121 2528 1435 2586 exposcere
1478 2512 1698 2569 tantos.

165 2617 174 2651 z
225 2595 350 2655 ait:
402 2596 721 2670 „Audaces
767 2600 998 2658 animos
1044 2603 1107 2659 et
1149 2602 1357 2674 pectus
1403 2602 1467 2657 et
1509 2598 1663 2656 iram

171 2687 467 2761 patriam
514 2689 579 2746 et
623 2705 862 2746 sacrum
906 2688 1080 2748 miles
1123 2688 1270 2747 tulit
1312 2690 1431 2748 iste
1473 2691 1810 2764 parentem:

165 2774 293 2834 idit
340 2776 606 2836 fortuna
651 2778 812 2836 ausis
857 2775 1256 2855 ingentibus.“
1344 2776 1542 2836 Alter:

165 2866 254 2923 »ta
304 2865 476 2923 mihi
525 2858 667 2924 ante
711 2865 865 2925 alios
908 2866 1087 2926 huius
1131 2867 1416 2926 facundia
1460 2867 1704 2944 linguae

167 2954 343 3013 vitia
397 2957 467 3013 et
516 2951 766 3014 virtusfl
855 2955 1070 3015 Melior
1114 2958 1212 3015 cui
1255 2960 1495 3032 pectore
1539 2974 1705 3014 mens
1752 2958 1845 3014 est

165 3043 496 3119 iciumque
558 3075 629 3086 -—
681 3046 902 3147 equitis
946 3046 1119 3105 novit
1160 3065 1269 3122 per
1313 3045 1554 3122 singula
1597 3063 1818 3104 mores·

165 3133 257 3190 lli
309 3134 657 3192 consilium
701 3136 900 3194 minus
945 3138 1054 3194 aut
1096 3134 1418 3211 prudentia
1462 3134 1649 3192 fulsit

165 3239 201 3278 a
252 3221 555 3281 hominis
600 3225 818 3301 virtus3
864 3226 1105 3283 tantum
1150 3241 1333 3300 super
1377 3222 1568 3282 ardua
1612 3221 1875 3335 pendens

165 3308 330 3368 ebat
382 3311 574 3372 nullo
618 3311 923 3373 fluitantia
966 3312 1227 3389 pondere
1273 3312 1480 3372 verba:

165 3402 456 3474 patriae
507 3401 729 3460 vindex
775 3404 1098 3478 nostroque
1142 3404 1208 3459 in
1253 3403 1522 3477 tempore
1567 3376 1774 3460 rursus

165 3593 295 3641 356
341 3587 503 3640 Nun

2037 215 2122 280 15
