<?xml version="1.0" encoding="UTF-8"?>
<!DOCTYPE html PUBLIC "-//W3C//DTD XHTML 1.0 Transitional//EN"
    "http://www.w3.org/TR/xhtml1/DTD/xhtml1-transitional.dtd">
<html xmlns="http://www.w3.org/1999/xhtml" xml:lang="en" lang="en">
 <head>
  <title>
</title>
<meta http-equiv="Content-Type" content="text/html;charset=utf-8" />
  <meta name='ocr-system' content='tesseract 3.04.00' />
  <meta name='ocr-capabilities' content='ocr_page ocr_carea ocr_par ocr_line ocrx_word'/>
</head>
<body>
  <div class='ocr_page' id='page_1' title='image "./hporcariaseudec00lehngoog_0048.png"; bbox 0 0 2650 3925; ppageno 0'>
   <div class='ocr_carea' id='block_1_1' title="bbox 390 194 1426 261">
    <p class='ocr_par' dir='ltr' id='par_1_1' title="bbox 390 194 1426 261">
     <span class='ocr_line' id='line_1_1' title="bbox 390 194 1426 261; baseline -0.013 1"><span class='ocrx_word' id='word_1_1' title='bbox 390 195 476 261; x_wconf 87' lang='grc'>26</span> <span class='ocrx_word' id='word_1_2' title='bbox 1372 194 1426 249; x_wconf 89' lang='grc' dir='ltr'>Π</span> 
     </span>
    </p>
   </div>
   <div class='ocr_carea' id='block_1_2' title="bbox 262 346 2252 3457">
    <p class='ocr_par' dir='ltr' id='par_1_2' title="bbox 277 346 2225 602">
     <span class='ocr_line' id='line_1_2' title="bbox 277 346 2225 426; baseline -0.002 -15"><span class='ocrx_word' id='word_1_3' title='bbox 277 369 358 412; x_wconf 81' lang='lat'>185</span> <span class='ocrx_word' id='word_1_4' title='bbox 386 348 617 407; x_wconf 88' lang='lat' dir='ltr'>Horum</span> <span class='ocrx_word' id='word_1_5' title='bbox 663 366 774 426; x_wconf 86' lang='lat' dir='ltr'>ego</span> <span class='ocrx_word' id='word_1_6' title='bbox 817 349 943 406; x_wconf 89' lang='lat' dir='ltr'>iam</span> <span class='ocrx_word' id='word_1_7' title='bbox 987 346 1234 406; x_wconf 85' lang='lat' dir='ltr'>memini</span> <span class='ocrx_word' id='word_1_8' title='bbox 1281 346 1582 423; x_wconf 87' lang='lat' dir='ltr'>quondam</span> <span class='ocrx_word' id='word_1_9' title='bbox 1627 347 1932 407; x_wconf 75' lang='lat' dir='ltr'><strong>attrivisse</strong></span> <span class='ocrx_word' id='word_1_10' title='bbox 1978 347 2225 422; x_wconf 76' lang='lat' dir='ltr'>furoreS,</span> 
     </span>
     <span class='ocr_line' id='line_1_3' title="bbox 386 435 2040 512; baseline -0.001 -15"><span class='ocrx_word' id='word_1_11' title='bbox 386 436 741 497; x_wconf 90' lang='lat' dir='ltr'>Barbaricos</span> <span class='ocrx_word' id='word_1_12' title='bbox 788 435 1027 512; x_wconf 91' lang='lat' dir='ltr'>quando</span> <span class='ocrx_word' id='word_1_13' title='bbox 1075 435 1294 495; x_wconf 91' lang='lat' dir='ltr'>domui.</span> <span class='ocrx_word' id='word_1_14' title='bbox 1385 436 1548 495; x_wconf 82' lang='lat' dir='ltr'>Num</span> <span class='ocrx_word' id='word_1_15' title='bbox 1593 437 1747 496; x_wconf 86' lang='lat' dir='ltr'>forte</span> <span class='ocrx_word' id='word_1_16' title='bbox 1794 436 2040 496; x_wconf 84' lang='lat' dir='ltr'>sinistra</span> 
     </span>
     <span class='ocr_line' id='line_1_4' title="bbox 385 523 1885 602; baseline -0.001 -17"><span class='ocrx_word' id='word_1_17' title='bbox 385 527 658 587; x_wconf 77' lang='lat' dir='ltr'>Victores</span> <span class='ocrx_word' id='word_1_18' title='bbox 703 526 925 585; x_wconf 87' lang='lat' dir='ltr'>nostris</span> <span class='ocrx_word' id='word_1_19' title='bbox 972 524 1183 602; x_wconf 87' lang='lat' dir='ltr'>opibus</span> <span class='ocrx_word' id='word_1_20' title='bbox 1229 525 1545 601; x_wconf 88' lang='lat' dir='ltr'>potiuntur</span> <span class='ocrx_word' id='word_1_21' title='bbox 1590 528 1652 585; x_wconf 89' lang='lat' dir='ltr'>et</span> <span class='ocrx_word' id='word_1_22' title='bbox 1695 523 1885 584; x_wconf 77' lang='lat' dir='ltr'>urbe?</span> 
     </span>
    </p>

    <p class='ocr_par' dir='ltr' id='par_1_3' title="bbox 388 614 2087 694">
     <span class='ocr_line' id='line_1_5' title="bbox 388 614 2087 694; baseline -0.001 -19"><span class='ocrx_word' id='word_1_23' title='bbox 388 616 589 675; x_wconf 82' lang='lat' dir='ltr'>Effera</span> <span class='ocrx_word' id='word_1_24' title='bbox 633 633 778 694; x_wconf 88' lang='lat' dir='ltr'>gens</span> <span class='ocrx_word' id='word_1_25' title='bbox 824 615 1078 674; x_wconf 91' lang='lat' dir='ltr'>nimium</span> <span class='ocrx_word' id='word_1_26' title='bbox 1120 616 1187 673; x_wconf 88' lang='lat' dir='ltr'>in</span> <span class='ocrx_word' id='word_1_27' title='bbox 1231 615 1439 673; x_wconf 84' lang='lat' dir='ltr'>luxum</span> <span class='ocrx_word' id='word_1_28' title='bbox 1482 618 1543 673; x_wconf 90' lang='lat' dir='ltr'>te</span> <span class='ocrx_word' id='word_1_29' title='bbox 1590 614 1783 674; x_wconf 87' lang='lat' dir='ltr'>Roma</span> <span class='ocrx_word' id='word_1_30' title='bbox 1828 614 2087 692; x_wconf 81' lang='lat' dir='ltr'><strong>subegit,</strong></span> 
     </span>
    </p>

    <p class='ocr_par' dir='ltr' id='par_1_4' title="bbox 277 702 2087 870">
     <span class='ocr_line' id='line_1_6' title="bbox 387 702 2087 782; baseline -0.001 -18"><span class='ocrx_word' id='word_1_31' title='bbox 387 706 581 776; x_wconf 91' lang='lat' dir='ltr'>Quam</span> <span class='ocrx_word' id='word_1_32' title='bbox 624 706 847 764; x_wconf 88' lang='lat' dir='ltr'>totiens</span> <span class='ocrx_word' id='word_1_33' title='bbox 892 703 1082 764; x_wconf 89' lang='lat' dir='ltr'>tantis</span> <span class='ocrx_word' id='word_1_34' title='bbox 1127 705 1390 780; x_wconf 81' lang='lat' dir='ltr'>protexit</span> <span class='ocrx_word' id='word_1_35' title='bbox 1436 702 1510 762; x_wconf 90' lang='lat' dir='ltr'>ab</span> <span class='ocrx_word' id='word_1_36' title='bbox 1556 703 1828 763; x_wconf 75' lang='lat' dir='ltr'><strong>hostibus</strong></span> <span class='ocrx_word' id='word_1_37' title='bbox 1874 703 2087 782; x_wconf 91' lang='lat' dir='ltr'>ingens</span> 
     </span>
     <span class='ocr_line' id='line_1_7' title="bbox 277 792 1869 870; baseline -0.001 -15"><span class='ocrx_word' id='word_1_38' title='bbox 277 814 358 856; x_wconf 74' lang='lat' dir='ltr'>iso</span> <span class='ocrx_word' id='word_1_39' title='bbox 386 794 733 870; x_wconf 87' lang='lat' dir='ltr'>Scipiadum</span> <span class='ocrx_word' id='word_1_40' title='bbox 777 795 990 867; x_wconf 83' lang='lat' dir='ltr'>virtus,</span> <span class='ocrx_word' id='word_1_41' title='bbox 1038 795 1194 852; x_wconf 89' lang='lat' dir='ltr'>acies</span> <span class='ocrx_word' id='word_1_42' title='bbox 1238 792 1345 852; x_wconf 90' lang='lat' dir='ltr'>ubi</span> <span class='ocrx_word' id='word_1_43' title='bbox 1388 793 1644 852; x_wconf 87' lang='lat' dir='ltr'>Martius</span> <span class='ocrx_word' id='word_1_44' title='bbox 1691 793 1869 853; x_wconf 90' lang='lat' dir='ltr'>ardor</span> 
     </span>
    </p>

    <p class='ocr_par' dir='ltr' id='par_1_5' title="bbox 383 882 1760 943">
     <span class='ocr_line' id='line_1_8' title="bbox 383 882 1760 943; baseline -0.001 -1"><span class='ocrx_word' id='word_1_45' title='bbox 383 884 678 943; x_wconf 84' lang='lat' dir='ltr'>Fulminis</span> <span class='ocrx_word' id='word_1_46' title='bbox 722 882 788 941; x_wconf 91' lang='lat' dir='ltr'>in</span> <span class='ocrx_word' id='word_1_47' title='bbox 831 901 1057 941; x_wconf 89' lang='lat' dir='ltr'>morem</span> <span class='ocrx_word' id='word_1_48' title='bbox 1100 883 1247 941; x_wconf 90' lang='lat' dir='ltr'>totis</span> <span class='ocrx_word' id='word_1_49' title='bbox 1294 882 1580 942; x_wconf 82' lang='lat' dir='ltr'>exciverit</span> <span class='ocrx_word' id='word_1_50' title='bbox 1623 882 1760 942; x_wconf 91' lang='lat' dir='ltr'>oris.</span> 
     </span>
    </p>

    <p class='ocr_par' dir='ltr' id='par_1_6' title="bbox 382 969 2136 1051">
     <span class='ocr_line' id='line_1_9' title="bbox 382 969 2136 1051; baseline 0.001 -20"><span class='ocrx_word' id='word_1_51' title='bbox 382 972 478 1031; x_wconf 82' lang='lat' dir='ltr'>En</span> <span class='ocrx_word' id='word_1_52' title='bbox 522 974 663 1031; x_wconf 80' lang='lat' dir='ltr'>hinc</span> <span class='ocrx_word' id='word_1_53' title='bbox 708 973 844 1048; x_wconf 91' lang='lat' dir='ltr'>quis</span> <span class='ocrx_word' id='word_1_54' title='bbox 889 969 1219 1047; x_wconf 76' lang='lat' dir='ltr'>strepitus?</span> <span class='ocrx_word' id='word_1_55' title='bbox 1264 972 1483 1031; x_wconf 86' lang='lat' dir='ltr'>cursim</span> <span class='ocrx_word' id='word_1_56' title='bbox 1531 970 1853 1031; x_wconf 84' lang='lat' dir='ltr'>adventare</span> <span class='ocrx_word' id='word_1_57' title='bbox 1898 973 2136 1051; x_wconf 86' lang='lat' dir='ltr'>togatos</span> 
     </span>
    </p>

    <p class='ocr_par' dir='ltr' id='par_1_7' title="bbox 383 1059 1847 1138">
     <span class='ocr_line' id='line_1_10' title="bbox 383 1059 1847 1138; baseline 0 -18"><span class='ocrx_word' id='word_1_58' title='bbox 383 1060 688 1138; x_wconf 88' lang='lat' dir='ltr'>Prospicio</span> <span class='ocrx_word' id='word_1_59' title='bbox 734 1059 1050 1137; x_wconf 83' lang='lat' dir='ltr'>verbisque</span> <span class='ocrx_word' id='word_1_60' title='bbox 1094 1061 1261 1136; x_wconf 90' lang='lat' dir='ltr'>loqui</span> <span class='ocrx_word' id='word_1_61' title='bbox 1306 1063 1579 1137; x_wconf 91' lang='lat' dir='ltr'>nutuque</span> <span class='ocrx_word' id='word_1_62' title='bbox 1623 1060 1847 1121; x_wconf 90' lang='lat' dir='ltr'>latinis.</span> 
     </span>
    </p>

    <p class='ocr_par' dir='ltr' id='par_1_8' title="bbox 382 1148 2079 1225">
     <span class='ocr_line' id='line_1_11' title="bbox 382 1148 2079 1225; baseline 0 -16"><span class='ocrx_word' id='word_1_63' title='bbox 382 1151 468 1209; x_wconf 92' lang='lat' dir='ltr'>Hi</span> <span class='ocrx_word' id='word_1_64' title='bbox 511 1170 658 1210; x_wconf 91' lang='lat' dir='ltr'>num</span> <span class='ocrx_word' id='word_1_65' title='bbox 703 1150 980 1210; x_wconf 86' lang='lat' dir='ltr'>Romulei</span> <span class='ocrx_word' id='word_1_66' title='bbox 1023 1148 1339 1225; x_wconf 75' lang='lat' dir='ltr'>proceres?</span> <span class='ocrx_word' id='word_1_67' title='bbox 1382 1150 1530 1209; x_wconf 88' lang='lat' dir='ltr'>haec</span> <span class='ocrx_word' id='word_1_68' title='bbox 1573 1149 1795 1209; x_wconf 87' lang='lat' dir='ltr'>Martia</span> <span class='ocrx_word' id='word_1_69' title='bbox 1839 1151 2079 1210; x_wconf 85' lang='lat' dir='ltr'>nostrae</span> 
     </span>
    </p>

    <p class='ocr_par' dir='ltr' id='par_1_9' title="bbox 272 1237 2180 1496">
     <span class='ocr_line' id='line_1_12' title="bbox 272 1237 2035 1301; baseline -0.003 0"><span class='ocrx_word' id='word_1_70' title='bbox 272 1259 354 1301; x_wconf 79' lang='lat'>195</span> <span class='ocrx_word' id='word_1_71' title='bbox 382 1239 605 1298; x_wconf 88' lang='lat' dir='ltr'>Militia</span> <span class='ocrx_word' id='word_1_72' title='bbox 652 1243 743 1299; x_wconf 90' lang='lat' dir='ltr'>est</span> <span class='ocrx_word' id='word_1_73' title='bbox 786 1237 996 1298; x_wconf 79' lang='lat' dir='ltr'>urbis?</span> <span class='ocrx_word' id='word_1_74' title='bbox 1040 1242 1361 1299; x_wconf 82' lang='lat' dir='ltr'>sanctusne</span> <span class='ocrx_word' id='word_1_75' title='bbox 1405 1239 1503 1298; x_wconf 90' lang='lat' dir='ltr'>hic</span> <span class='ocrx_word' id='word_1_76' title='bbox 1547 1239 1704 1299; x_wconf 86' lang='lat' dir='ltr'>forte</span> <span class='ocrx_word' id='word_1_77' title='bbox 1750 1237 2035 1299; x_wconf 78' lang='lat' dir='ltr'>senatus?</span> 
     </span>
     <span class='ocr_line' id='line_1_13' title="bbox 381 1327 2180 1405; baseline -0.001 -18"><span class='ocrx_word' id='word_1_78' title='bbox 381 1328 747 1389; x_wconf 85' lang='lat' dir='ltr'>Frondentes</span> <span class='ocrx_word' id='word_1_79' title='bbox 791 1328 1045 1388; x_wconf 84' lang='lat' dir='ltr'>hederae</span> <span class='ocrx_word' id='word_1_80' title='bbox 1092 1331 1153 1387; x_wconf 89' lang='lat' dir='ltr'>et</span> <span class='ocrx_word' id='word_1_81' title='bbox 1197 1332 1399 1405; x_wconf 90' lang='lat' dir='ltr'>postes</span> <span class='ocrx_word' id='word_1_82' title='bbox 1445 1327 1550 1387; x_wconf 89' lang='lat' dir='ltr'>ubi</span> <span class='ocrx_word' id='word_1_83' title='bbox 1592 1327 1800 1392; x_wconf 84' lang='lat' dir='ltr'>laurus</span> <span class='ocrx_word' id='word_1_84' title='bbox 1847 1327 2180 1403; x_wconf 77' lang='lat' dir='ltr'>obumbrat,</span> 
     </span>
     <span class='ocr_line' id='line_1_14' title="bbox 381 1416 1839 1496; baseline -0.002 -18"><span class='ocrx_word' id='word_1_85' title='bbox 381 1418 508 1478; x_wconf 87' lang='lat' dir='ltr'>Hos</span> <span class='ocrx_word' id='word_1_86' title='bbox 553 1418 727 1478; x_wconf 85' lang='lat' dir='ltr'>video</span> <span class='ocrx_word' id='word_1_87' title='bbox 773 1417 991 1477; x_wconf 85' lang='lat' dir='ltr'>nimias</span> <span class='ocrx_word' id='word_1_88' title='bbox 1037 1417 1267 1496; x_wconf 89' lang='lat' dir='ltr'>agitare</span> <span class='ocrx_word' id='word_1_89' title='bbox 1311 1417 1376 1475; x_wconf 92' lang='lat' dir='ltr'>in</span> <span class='ocrx_word' id='word_1_90' title='bbox 1422 1416 1621 1494; x_wconf 88' lang='lat' dir='ltr'>iurgia</span> <span class='ocrx_word' id='word_1_91' title='bbox 1665 1419 1839 1477; x_wconf 84' lang='lat' dir='ltr'>vires.</span> 
     </span>
    </p>

    <p class='ocr_par' dir='ltr' id='par_1_10' title="bbox 269 1506 2252 1941">
     <span class='ocr_line' id='line_1_15' title="bbox 378 1506 2203 1583; baseline -0.001 -16"><span class='ocrx_word' id='word_1_92' title='bbox 378 1507 513 1567; x_wconf 90' lang='lat' dir='ltr'>Iam</span> <span class='ocrx_word' id='word_1_93' title='bbox 559 1507 706 1566; x_wconf 89' lang='lat' dir='ltr'>satis</span> <span class='ocrx_word' id='word_1_94' title='bbox 750 1507 888 1566; x_wconf 84' lang='lat' dir='ltr'>hoc:</span> <span class='ocrx_word' id='word_1_95' title='bbox 934 1506 1117 1565; x_wconf 86' lang='lat' dir='ltr'>rediit</span> <span class='ocrx_word' id='word_1_96' title='bbox 1159 1508 1373 1581; x_wconf 89' lang='lat' dir='ltr'>virtus,</span> <span class='ocrx_word' id='word_1_97' title='bbox 1417 1509 1776 1583; x_wconf 77' lang='lat' dir='ltr'>nostraeque</span> <span class='ocrx_word' id='word_1_98' title='bbox 1820 1508 2066 1583; x_wconf 84' lang='lat' dir='ltr'>peracta</span> <span class='ocrx_word' id='word_1_99' title='bbox 2111 1510 2203 1565; x_wconf 87' lang='lat' dir='ltr'>est</span> 
     </span>
     <span class='ocr_line' id='line_1_16' title="bbox 383 1594 2144 1673; baseline -0.001 -18"><span class='ocrx_word' id='word_1_100' title='bbox 383 1596 530 1672; x_wconf 82' lang='lat' dir='ltr'>Spes</span> <span class='ocrx_word' id='word_1_101' title='bbox 575 1597 904 1673; x_wconf 90' lang='lat' dir='ltr'>longinqua</span> <span class='ocrx_word' id='word_1_102' title='bbox 947 1596 1102 1655; x_wconf 84' lang='lat' dir='ltr'>viae.</span> <span class='ocrx_word' id='word_1_103' title='bbox 1192 1594 1473 1655; x_wconf 90' lang='lat' dir='ltr'>Poteram</span> <span class='ocrx_word' id='word_1_104' title='bbox 1516 1595 1883 1671; x_wconf 90' lang='lat' dir='ltr'>requiescere</span> <span class='ocrx_word' id='word_1_105' title='bbox 1929 1595 2144 1654; x_wconf 87' lang='lat' dir='ltr'>saltem</span> 
     </span>
     <span class='ocr_line' id='line_1_17' title="bbox 269 1683 2252 1761; baseline -0.002 -15"><span class='ocrx_word' id='word_1_106' title='bbox 269 1706 354 1746; x_wconf 73' lang='lat'>200</span> <span class='ocrx_word' id='word_1_107' title='bbox 383 1686 577 1745; x_wconf 89' lang='lat' dir='ltr'>Tutus</span> <span class='ocrx_word' id='word_1_108' title='bbox 626 1683 786 1761; x_wconf 90' lang='lat' dir='ltr'>apud</span> <span class='ocrx_word' id='word_1_109' title='bbox 828 1703 1053 1759; x_wconf 89' lang='lat' dir='ltr'>manes,</span> <span class='ocrx_word' id='word_1_110' title='bbox 1099 1686 1366 1743; x_wconf 89' lang='lat' dir='ltr'>animum</span> <span class='ocrx_word' id='word_1_111' title='bbox 1413 1685 1652 1760; x_wconf 87' lang='lat' dir='ltr'>quando</span> <span class='ocrx_word' id='word_1_112' title='bbox 1697 1684 1905 1745; x_wconf 88' lang='lat' dir='ltr'>irritus</span> <span class='ocrx_word' id='word_1_113' title='bbox 1950 1685 2127 1743; x_wconf 87' lang='lat' dir='ltr'>hausi</span> <span class='ocrx_word' id='word_1_114' title='bbox 2248 1717 2252 1722; x_wconf 94' lang='lat'>·</span> 
     </span>
     <span class='ocr_line' id='line_1_18' title="bbox 379 1773 1973 1851; baseline -0.001 -17"><span class='ocrx_word' id='word_1_115' title='bbox 379 1775 721 1850; x_wconf 82' lang='lat' dir='ltr'>Exuperare</span> <span class='ocrx_word' id='word_1_116' title='bbox 765 1773 1027 1833; x_wconf 82' lang='lat' dir='ltr'>Erebum</span> <span class='ocrx_word' id='word_1_117' title='bbox 1071 1792 1392 1851; x_wconf 88' lang='lat' dir='ltr'>rursusque</span> <span class='ocrx_word' id='word_1_118' title='bbox 1440 1774 1515 1832; x_wconf 90' lang='lat' dir='ltr'>ad</span> <span class='ocrx_word' id='word_1_119' title='bbox 1561 1776 1692 1833; x_wconf 87' lang='lat' dir='ltr'>fata</span> <span class='ocrx_word' id='word_1_120' title='bbox 1735 1775 1973 1834; x_wconf 84' lang='lat' dir='ltr'>reverti.</span> 
     </span>
     <span class='ocr_line' id='line_1_19' title="bbox 377 1863 1874 1941; baseline 0.001 -19"><span class='ocrx_word' id='word_1_121' title='bbox 377 1864 738 1941; x_wconf 78' lang='lat' dir='ltr'>Indignatur</span> <span class='ocrx_word' id='word_1_122' title='bbox 782 1863 976 1923; x_wconf 91' lang='lat' dir='ltr'>adhuc</span> <span class='ocrx_word' id='word_1_123' title='bbox 1022 1866 1266 1923; x_wconf 85' lang='lat' dir='ltr'>externa</span> <span class='ocrx_word' id='word_1_124' title='bbox 1310 1881 1347 1922; x_wconf 91' lang='lat' dir='ltr'>a</span> <span class='ocrx_word' id='word_1_125' title='bbox 1393 1863 1530 1922; x_wconf 90' lang='lat' dir='ltr'>sede</span> <span class='ocrx_word' id='word_1_126' title='bbox 1575 1864 1874 1938; x_wconf 86' lang='lat' dir='ltr'>profectos</span> 
     </span>
    </p>

    <p class='ocr_par' dir='ltr' id='par_1_11' title="bbox 379 1951 1875 2121">
     <span class='ocr_line' id='line_1_20' title="bbox 379 1951 1691 2032; baseline -0.001 -20"><span class='ocrx_word' id='word_1_127' title='bbox 379 1953 694 2029; x_wconf 83' lang='lat' dir='ltr'>Aspexisse</span> <span class='ocrx_word' id='word_1_128' title='bbox 739 1954 900 2014; x_wconf 83' lang='lat' dir='ltr'>viros</span> <span class='ocrx_word' id='word_1_129' title='bbox 946 1952 1115 2013; x_wconf 91' lang='lat' dir='ltr'>urbis</span> <span class='ocrx_word' id='word_1_130' title='bbox 1162 1951 1458 2013; x_wconf 91' lang='lat' dir='ltr'>connubia</span> <span class='ocrx_word' id='word_1_131' title='bbox 1502 1951 1691 2032; x_wconf 85' lang='lat' dir='ltr'>fungi,</span> 
     </span>
     <span class='ocr_line' id='line_1_21' title="bbox 381 2042 1875 2121; baseline -0.001 -19"><span class='ocrx_word' id='word_1_132' title='bbox 381 2043 545 2113; x_wconf 82' lang='lat' dir='ltr'>Quae</span> <span class='ocrx_word' id='word_1_133' title='bbox 590 2042 812 2103; x_wconf 88' lang='lat' dir='ltr'>totiens</span> <span class='ocrx_word' id='word_1_134' title='bbox 856 2059 1024 2121; x_wconf 90' lang='lat' dir='ltr'>reges</span> <span class='ocrx_word' id='word_1_135' title='bbox 1067 2043 1193 2101; x_wconf 90' lang='lat' dir='ltr'>iam</span> <span class='ocrx_word' id='word_1_136' title='bbox 1238 2042 1561 2119; x_wconf 78' lang='lat' dir='ltr'>dedignata</span> <span class='ocrx_word' id='word_1_137' title='bbox 1606 2044 1875 2103; x_wconf 79' lang='lat' dir='ltr'>maritos,-</span> 
     </span>
    </p>

    <p class='ocr_par' dir='ltr' id='par_1_12' title="bbox 268 2130 1988 2563">
     <span class='ocr_line' id='line_1_22' title="bbox 268 2130 1928 2193; baseline -0.001 -1"><span class='ocrx_word' id='word_1_138' title='bbox 268 2152 350 2193; x_wconf 74' lang='lat'>205</span> <span class='ocrx_word' id='word_1_139' title='bbox 383 2131 667 2192; x_wconf 82' lang='lat' dir='ltr'>Conscius</span> <span class='ocrx_word' id='word_1_140' title='bbox 713 2130 812 2190; x_wconf 89' lang='lat' dir='ltr'>hic</span> <span class='ocrx_word' id='word_1_141' title='bbox 857 2131 1039 2192; x_wconf 86' lang='lat' dir='ltr'>solita</span> <span class='ocrx_word' id='word_1_142' title='bbox 1082 2132 1356 2191; x_wconf 84' lang='lat' dir='ltr'>veterum</span> <span class='ocrx_word' id='word_1_143' title='bbox 1400 2132 1624 2192; x_wconf 86' lang='lat' dir='ltr'>virtute</span> <span class='ocrx_word' id='word_1_144' title='bbox 1670 2132 1928 2191; x_wconf 90' lang='lat' dir='ltr'>minores</span> 
     </span>
     <span class='ocr_line' id='line_1_23' title="bbox 379 2219 1988 2300; baseline 0 -20"><span class='ocrx_word' id='word_1_145' title='bbox 379 2222 782 2300; x_wconf 87' lang='lat' dir='ltr'>Degenerasse</span> <span class='ocrx_word' id='word_1_146' title='bbox 828 2220 991 2280; x_wconf 90' lang='lat' dir='ltr'>dolet</span> <span class='ocrx_word' id='word_1_147' title='bbox 1035 2219 1311 2296; x_wconf 83' lang='lat' dir='ltr'>viresque</span> <span class='ocrx_word' id='word_1_148' title='bbox 1356 2222 1421 2278; x_wconf 89' lang='lat' dir='ltr'>in</span> <span class='ocrx_word' id='word_1_149' title='bbox 1467 2220 1738 2280; x_wconf 82' lang='lat' dir='ltr'>sordibus</span> <span class='ocrx_word' id='word_1_150' title='bbox 1785 2238 1988 2280; x_wconf 90' lang='lat' dir='ltr'>omnes</span> 
     </span>
     <span class='ocr_line' id='line_1_24' title="bbox 377 2308 1870 2384; baseline -0.001 -14"><span class='ocrx_word' id='word_1_151' title='bbox 377 2309 647 2370; x_wconf 86' lang='lat' dir='ltr'>Effluxas</span> <span class='ocrx_word' id='word_1_152' title='bbox 692 2308 858 2369; x_wconf 85' lang='lat' dir='ltr'>Latii</span> <span class='ocrx_word' id='word_1_153' title='bbox 903 2312 966 2368; x_wconf 92' lang='lat' dir='ltr'>et</span> <span class='ocrx_word' id='word_1_154' title='bbox 1007 2310 1244 2369; x_wconf 88' lang='lat' dir='ltr'>tantum</span> <span class='ocrx_word' id='word_1_155' title='bbox 1294 2327 1601 2384; x_wconf 87' lang='lat' dir='ltr'>superesse</span> <span class='ocrx_word' id='word_1_156' title='bbox 1645 2311 1870 2369; x_wconf 87' lang='lat' dir='ltr'>ruinas.</span> 
     </span>
     <span class='ocr_line' id='line_1_25' title="bbox 376 2397 1906 2474; baseline -0.001 -16"><span class='ocrx_word' id='word_1_157' title='bbox 376 2398 576 2458; x_wconf 83' lang='lat' dir='ltr'>Laxus</span> <span class='ocrx_word' id='word_1_158' title='bbox 619 2398 789 2457; x_wconf 88' lang='lat' dir='ltr'>humi</span> <span class='ocrx_word' id='word_1_159' title='bbox 833 2398 1097 2458; x_wconf 89' lang='lat' dir='ltr'>residens</span> <span class='ocrx_word' id='word_1_160' title='bbox 1144 2416 1321 2457; x_wconf 91' lang='lat' dir='ltr'>auras</span> <span class='ocrx_word' id='word_1_161' title='bbox 1370 2397 1653 2474; x_wconf 76' lang='lat' dir='ltr'>captabat</span> <span class='ocrx_word' id='word_1_162' title='bbox 1697 2400 1906 2474; x_wconf 86' lang='lat' dir='ltr'>aperto</span> 
     </span>
     <span class='ocr_line' id='line_1_26' title="bbox 377 2487 1783 2563; baseline -0.001 -16"><span class='ocrx_word' id='word_1_163' title='bbox 377 2487 622 2548; x_wconf 84' lang='lat' dir='ltr'>Pectore</span> <span class='ocrx_word' id='word_1_164' title='bbox 669 2490 731 2546; x_wconf 87' lang='lat' dir='ltr'>et</span> <span class='ocrx_word' id='word_1_165' title='bbox 776 2487 1002 2547; x_wconf 86' lang='lat' dir='ltr'>afflicto</span> <span class='ocrx_word' id='word_1_166' title='bbox 1049 2487 1236 2546; x_wconf 88' lang='lat' dir='ltr'>flabat</span> <span class='ocrx_word' id='word_1_167' title='bbox 1281 2487 1544 2563; x_wconf 88' lang='lat' dir='ltr'>suspiria</span> <span class='ocrx_word' id='word_1_168' title='bbox 1589 2487 1783 2562; x_wconf 87' lang='lat' dir='ltr'>corde,</span> 
     </span>
    </p>

    <p class='ocr_par' dir='ltr' id='par_1_13' title="bbox 266 2576 2039 3010">
     <span class='ocr_line' id='line_1_27' title="bbox 266 2576 2039 2653; baseline -0.003 -13"><span class='ocrx_word' id='word_1_169' title='bbox 266 2598 350 2639; x_wconf 75' lang='lat'>210</span> <span class='ocrx_word' id='word_1_170' title='bbox 377 2578 504 2636; x_wconf 89' lang='lat' dir='ltr'>Nec</span> <span class='ocrx_word' id='word_1_171' title='bbox 547 2578 825 2636; x_wconf 89' lang='lat' dir='ltr'>lacrimas</span> <span class='ocrx_word' id='word_1_172' title='bbox 870 2578 1114 2636; x_wconf 87' lang='lat' dir='ltr'>tenuere</span> <span class='ocrx_word' id='word_1_173' title='bbox 1160 2576 1318 2636; x_wconf 87' lang='lat' dir='ltr'>oculi</span> <span class='ocrx_word' id='word_1_174' title='bbox 1365 2577 1676 2652; x_wconf 87' lang='lat' dir='ltr'>salsaeque</span> <span class='ocrx_word' id='word_1_175' title='bbox 1719 2595 1827 2653; x_wconf 91' lang='lat' dir='ltr'>per</span> <span class='ocrx_word' id='word_1_176' title='bbox 1872 2579 2039 2637; x_wconf 89' lang='lat' dir='ltr'>artus</span> 
     </span>
     <span class='ocr_line' id='line_1_28' title="bbox 376 2665 1852 2743; baseline -0.001 -18"><span class='ocrx_word' id='word_1_177' title='bbox 376 2667 541 2726; x_wconf 87' lang='lat' dir='ltr'>More</span> <span class='ocrx_word' id='word_1_178' title='bbox 585 2668 743 2726; x_wconf 84' lang='lat' dir='ltr'>nivis</span> <span class='ocrx_word' id='word_1_179' title='bbox 789 2667 1001 2743; x_wconf 87' lang='lat' dir='ltr'>guttae</span> <span class='ocrx_word' id='word_1_180' title='bbox 1045 2666 1267 2725; x_wconf 86' lang='lat' dir='ltr'>fluxere</span> <span class='ocrx_word' id='word_1_181' title='bbox 1312 2665 1523 2725; x_wconf 86' lang='lat' dir='ltr'>ardore</span> <span class='ocrx_word' id='word_1_182' title='bbox 1567 2666 1852 2742; x_wconf 85' lang='lat' dir='ltr'>liquatae.</span> 
     </span>
     <span class='ocr_line' id='line_1_29' title="bbox 375 2753 2025 2831; baseline -0.001 -17"><span class='ocrx_word' id='word_1_183' title='bbox 375 2757 605 2816; x_wconf 89' lang='lat' dir='ltr'>Tantus</span> <span class='ocrx_word' id='word_1_184' title='bbox 648 2754 875 2831; x_wconf 90' lang='lat' dir='ltr'>ubique</span> <span class='ocrx_word' id='word_1_185' title='bbox 922 2754 1092 2815; x_wconf 91' lang='lat' dir='ltr'>dolor</span> <span class='ocrx_word' id='word_1_186' title='bbox 1135 2754 1539 2814; x_wconf 89' lang='lat' dir='ltr'>membrorum</span> <span class='ocrx_word' id='word_1_187' title='bbox 1581 2753 1799 2814; x_wconf 88' lang='lat' dir='ltr'>robora</span> <span class='ocrx_word' id='word_1_188' title='bbox 1842 2755 2025 2829; x_wconf 84' lang='lat' dir='ltr'>laxat,</span> 
     </span>
     <span class='ocr_line' id='line_1_30' title="bbox 376 2843 1994 2923; baseline -0.001 -19"><span class='ocrx_word' id='word_1_189' title='bbox 376 2845 811 2921; x_wconf 85' lang='lat' dir='ltr'>Suspiransque</span> <span class='ocrx_word' id='word_1_190' title='bbox 857 2863 1070 2923; x_wconf 82' lang='lat' dir='ltr'>graves</span> <span class='ocrx_word' id='word_1_191' title='bbox 1118 2845 1380 2921; x_wconf 90' lang='lat' dir='ltr'>erumpit</span> <span class='ocrx_word' id='word_1_192' title='bbox 1423 2843 1499 2902; x_wconf 90' lang='lat' dir='ltr'>ab</span> <span class='ocrx_word' id='word_1_193' title='bbox 1547 2862 1648 2904; x_wconf 92' lang='lat' dir='ltr'>ore</span> <span class='ocrx_word' id='word_1_194' title='bbox 1694 2845 1994 2919; x_wconf 88' lang='lat' dir='ltr'>querelas:</span> 
     </span>
     <span class='ocr_line' id='line_1_31' title="bbox 376 2931 1978 3010; baseline -0.001 -17"><span class='ocrx_word' id='word_1_195' title='bbox 376 2931 427 2993; x_wconf 90' lang='grc' dir='ltr'><strong>Ο</strong></span> <span class='ocrx_word' id='word_1_196' title='bbox 473 2934 689 3010; x_wconf 57' lang='grc' dir='ltr'>Ῑήῒιίε,</span> <span class='ocrx_word' id='word_1_197' title='bbox 737 2951 772 2993; x_wconf 93' lang='lat' dir='ltr'>o</span> <span class='ocrx_word' id='word_1_198' title='bbox 817 2934 998 2993; x_wconf 88' lang='lat' dir='ltr'>tellus</span> <span class='ocrx_word' id='word_1_199' title='bbox 1046 2932 1269 3008; x_wconf 83' lang='lat' dir='ltr'>divum,</span> <span class='ocrx_word' id='word_1_200' title='bbox 1312 2932 1522 2992; x_wconf 85' lang='lat' dir='ltr'>domus</span> <span class='ocrx_word' id='word_1_201' title='bbox 1569 2933 1696 2992; x_wconf 84' lang='lat' dir='ltr'>alta</span> <span class='ocrx_word' id='word_1_202' title='bbox 1742 2932 1978 3003; x_wconf 84' lang='lat' dir='ltr'>Quirini</span> 
     </span>
    </p>

    <p class='ocr_par' dir='ltr' id='par_1_14' title="bbox 262 3020 2019 3457">
     <span class='ocr_line' id='line_1_32' title="bbox 262 3020 1704 3100; baseline -0.001 -17"><span class='ocrx_word' id='word_1_203' title='bbox 262 3042 346 3084; x_wconf 62' lang='grc' dir='ltr'>ἰε</span> <span class='ocrx_word' id='word_1_204' title='bbox 373 3023 704 3098; x_wconf 88' lang='lat' dir='ltr'>Imperiosa</span> <span class='ocrx_word' id='word_1_205' title='bbox 748 3022 912 3098; x_wconf 72' lang='lat' dir='ltr'>viria,</span> <span class='ocrx_word' id='word_1_206' title='bbox 957 3021 1167 3081; x_wconf 92' lang='lat' dir='ltr'>mundi</span> <span class='ocrx_word' id='word_1_207' title='bbox 1211 3024 1425 3100; x_wconf 89' lang='lat' dir='ltr'>regina</span> <span class='ocrx_word' id='word_1_208' title='bbox 1468 3020 1704 3081; x_wconf 86' lang='lat' dir='ltr'>subacti</span> 
     </span>
     <span class='ocr_line' id='line_1_33' title="bbox 374 3111 2019 3190; baseline 0.001 -21"><span class='ocrx_word' id='word_1_209' title='bbox 374 3112 697 3172; x_wconf 88' lang='lat' dir='ltr'>Terrarum</span> <span class='ocrx_word' id='word_1_210' title='bbox 741 3113 1004 3190; x_wconf 84' lang='lat' dir='ltr'>genitrix</span> <span class='ocrx_word' id='word_1_211' title='bbox 1048 3113 1242 3172; x_wconf 88' lang='lat' dir='ltr'>omnis</span> <span class='ocrx_word' id='word_1_212' title='bbox 1289 3112 1469 3171; x_wconf 87' lang='lat' dir='ltr'>simul</span> <span class='ocrx_word' id='word_1_213' title='bbox 1513 3111 1771 3171; x_wconf 84' lang='lat' dir='ltr'>aetheris</span> <span class='ocrx_word' id='word_1_214' title='bbox 1819 3111 2019 3187; x_wconf 84' lang='lat' dir='ltr'>altrix,</span> 
     </span>
     <span class='ocr_line' id='line_1_34' title="bbox 374 3200 2002 3278; baseline 0.001 -19"><span class='ocrx_word' id='word_1_215' title='bbox 374 3200 540 3270; x_wconf 82' lang='lat' dir='ltr'>Quae</span> <span class='ocrx_word' id='word_1_216' title='bbox 586 3201 861 3278; x_wconf 88' lang='lat' dir='ltr'>genuisse</span> <span class='ocrx_word' id='word_1_217' title='bbox 909 3201 1048 3261; x_wconf 87' lang='lat' dir='ltr'>deos</span> <span class='ocrx_word' id='word_1_218' title='bbox 1092 3201 1348 3276; x_wconf 81' lang='lat' dir='ltr'>potuisti</span> <span class='ocrx_word' id='word_1_219' title='bbox 1394 3204 1455 3259; x_wconf 91' lang='lat' dir='ltr'>et</span> <span class='ocrx_word' id='word_1_220' title='bbox 1498 3201 1722 3260; x_wconf 89' lang='lat' dir='ltr'>lumine</span> <span class='ocrx_word' id='word_1_221' title='bbox 1769 3201 2002 3261; x_wconf 90' lang='lat' dir='ltr'>caelum</span> 
     </span>
     <span class='ocr_line' id='line_1_35' title="bbox 371 3288 1858 3367; baseline 0.001 -18"><span class='ocrx_word' id='word_1_222' title='bbox 371 3289 683 3351; x_wconf 88' lang='lat' dir='ltr'>Illustrare</span> <span class='ocrx_word' id='word_1_223' title='bbox 726 3293 833 3350; x_wconf 93' lang='lat' dir='ltr'>tuo</span> <span class='ocrx_word' id='word_1_224' title='bbox 879 3292 1226 3367; x_wconf 89' lang='lat' dir='ltr'>superisque</span> <span class='ocrx_word' id='word_1_225' title='bbox 1272 3288 1586 3349; x_wconf 87' lang='lat' dir='ltr'>extendere</span> <span class='ocrx_word' id='word_1_226' title='bbox 1630 3289 1858 3364; x_wconf 77' lang='lat' dir='ltr'>laudeS,</span> 
     </span>
     <span class='ocr_line' id='line_1_36' title="bbox 369 3378 2009 3457; baseline 0.001 -19"><span class='ocrx_word' id='word_1_227' title='bbox 369 3379 503 3438; x_wconf 89' lang='lat' dir='ltr'>Iam</span> <span class='ocrx_word' id='word_1_228' title='bbox 548 3379 783 3440; x_wconf 87' lang='lat' dir='ltr'>deserta</span> <span class='ocrx_word' id='word_1_229' title='bbox 827 3381 1011 3440; x_wconf 84' lang='lat' dir='ltr'>iaces:</span> <span class='ocrx_word' id='word_1_230' title='bbox 1058 3378 1272 3439; x_wconf 88' lang='lat' dir='ltr'>cecidit</span> <span class='ocrx_word' id='word_1_231' title='bbox 1317 3379 1491 3457; x_wconf 85' lang='lat' dir='ltr'>vigor</span> <span class='ocrx_word' id='word_1_232' title='bbox 1533 3378 1637 3437; x_wconf 89' lang='lat' dir='ltr'>ille</span> <span class='ocrx_word' id='word_1_233' title='bbox 1686 3379 2009 3455; x_wconf 85' lang='lat' dir='ltr'>Quiritum,</span> 
     </span>
    </p>
   </div>
   <div class='ocr_carea' id='block_1_3' title="bbox 370 3494 799 3504">
    <p class='ocr_par' dir='ltr' id='par_1_15' title="bbox 370 3494 799 3504">
     <span class='ocr_line' id='line_1_37' title="bbox 370 3494 799 3504; baseline 0 0"><span class='ocrx_word' id='word_1_234' title='bbox 370 3494 799 3504; x_wconf 95' lang='lat' dir='ltr'> </span> 
     </span>
    </p>
   </div>
   <div class='ocr_carea' id='block_1_4' title="bbox 515 3566 926 3624">
    <p class='ocr_par' dir='ltr' id='par_1_16' title="bbox 515 3566 926 3624">
     <span class='ocr_line' id='line_1_38' title="bbox 515 3566 926 3624; baseline 0 -2"><span class='ocrx_word' id='word_1_235' title='bbox 515 3572 615 3622; x_wconf 79' lang='lat'>201</span> <span class='ocrx_word' id='word_1_236' title='bbox 656 3566 926 3624; x_wconf 86' lang='lat' dir='ltr'>herebum</span> 
     </span>
    </p>
   </div>
  </div>
 </body>
</html>
