<?xml version="1.0" encoding="UTF-8"?>
<!DOCTYPE html PUBLIC "-//W3C//DTD XHTML 1.0 Transitional//EN"
    "http://www.w3.org/TR/xhtml1/DTD/xhtml1-transitional.dtd">
<html xmlns="http://www.w3.org/1999/xhtml" xml:lang="en" lang="en">
 <head>
  <title>
</title>
<meta http-equiv="Content-Type" content="text/html;charset=utf-8" />
  <meta name='ocr-system' content='tesseract 3.04.00' />
  <meta name='ocr-capabilities' content='ocr_page ocr_carea ocr_par ocr_line ocrx_word'/>
</head>
<body>
  <div class='ocr_page' id='page_1' title='image "./hporcariaseudec00lehngoog_0011.png"; bbox 0 0 2650 3925; ppageno 0'>
   <div class='ocr_carea' id='block_1_1' title="bbox 1090 180 2311 238">
    <p class='ocr_par' dir='ltr' id='par_1_1' title="bbox 1090 180 2311 238">
     <span class='ocr_line' id='line_1_1' title="bbox 1090 180 2311 238; baseline 0.002 -3"><span class='ocrx_word' id='word_1_1' title='bbox 1090 180 1501 237; x_wconf 84' lang='lat' dir='ltr'>PRAEFATIO</span> <span class='ocrx_word' id='word_1_2' title='bbox 1840 231 1843 236; x_wconf 85' lang='lat'><strong>.</strong></span> <span class='ocrx_word' id='word_1_3' title='bbox 2205 181 2311 238; x_wconf 79' lang='lat' dir='ltr'><strong>VII</strong></span> 
     </span>
    </p>
   </div>
   <div class='ocr_carea' id='block_1_2' title="bbox 273 331 2315 3623">
    <p class='ocr_par' dir='ltr' id='par_1_2' title="bbox 277 331 2315 676">
     <span class='ocr_line' id='line_1_2' title="bbox 283 331 2312 410; baseline 0 -20"><span class='ocrx_word' id='word_1_4' title='bbox 283 331 527 391; x_wconf 83' lang='lat' dir='ltr'><strong>Maioris</strong></span> <span class='ocrx_word' id='word_1_5' title='bbox 573 333 758 392; x_wconf 88' lang='lat' dir='ltr'><strong>situm</strong></span> <span class='ocrx_word' id='word_1_6' title='bbox 796 352 832 392; x_wconf 97' lang='lat' dir='ltr'><strong>a</strong></span> <span class='ocrx_word' id='word_1_7' title='bbox 875 332 1156 409; x_wconf 83' lang='lat' dir='ltr'><strong>pontifice</strong></span> <span class='ocrx_word' id='word_1_8' title='bbox 1203 335 1469 393; x_wconf 84' lang='lat' dir='ltr'><strong>erectum</strong></span> <span class='ocrx_word' id='word_1_9' title='bbox 1505 336 1565 392; x_wconf 91' lang='lat' dir='ltr'><strong>et</strong></span> <span class='ocrx_word' id='word_1_10' title='bbox 1607 332 2056 410; x_wconf 87' lang='lat' dir='ltr'><strong>amplificatum.</strong></span> <span class='ocrx_word' id='word_1_11' title='bbox 2141 331 2312 402; x_wconf 82' lang='lat' dir='ltr'><strong>Quod</strong></span> 
     </span>
     <span class='ocr_line' id='line_1_3' title="bbox 280 422 2313 500; baseline 0 -19"><span class='ocrx_word' id='word_1_12' title='bbox 280 440 428 497; x_wconf 91' lang='lat' dir='ltr'><strong>opus</strong></span> <span class='ocrx_word' id='word_1_13' title='bbox 476 441 632 481; x_wconf 86' lang='lat' dir='ltr'><strong>anno</strong></span> <span class='ocrx_word' id='word_1_14' title='bbox 683 422 853 480; x_wconf 83' lang='lat'>1452</span> <span class='ocrx_word' id='word_1_15' title='bbox 902 424 1049 481; x_wconf 88' lang='lat' dir='ltr'><strong>satis</strong></span> <span class='ocrx_word' id='word_1_16' title='bbox 1095 424 1218 481; x_wconf 89' lang='lat' dir='ltr'><strong>iam</strong></span> <span class='ocrx_word' id='word_1_17' title='bbox 1267 424 1625 499; x_wconf 78' lang='lat' dir='ltr'><strong>processisse</strong></span> <span class='ocrx_word' id='word_1_18' title='bbox 1672 442 1704 481; x_wconf 93' lang='lat' dir='ltr'><strong>e</strong></span> <span class='ocrx_word' id='word_1_19' title='bbox 1747 422 1916 481; x_wconf 89' lang='lat' dir='ltr'><strong>bulla</strong></span> <span class='ocrx_word' id='word_1_20' title='bbox 1968 422 2158 500; x_wconf 90' lang='lat' dir='ltr'><strong>ipsius</strong></span> <span class='ocrx_word' id='word_1_21' title='bbox 2206 423 2313 481; x_wconf 87' lang='lat' dir='ltr'><strong>Ni·</strong></span> 
     </span>
     <span class='ocr_line' id='line_1_4' title="bbox 279 505 2315 589; baseline 0 -19"><span class='ocrx_word' id='word_1_22' title='bbox 279 511 434 570; x_wconf 90' lang='lat' dir='ltr'><strong>colai</strong></span> <span class='ocrx_word' id='word_1_23' title='bbox 474 512 866 589; x_wconf 88' lang='lat' dir='ltr'><strong>intellegitur,</strong></span> <span class='ocrx_word' id='word_1_24' title='bbox 914 530 1096 587; x_wconf 90' lang='lat' dir='ltr'><strong>quam</strong></span> <span class='ocrx_word' id='word_1_25' title='bbox 1140 512 1317 571; x_wconf 87' lang='lat' dir='ltr'><strong>affert</strong></span> <span class='ocrx_word' id='word_1_26' title='bbox 1360 512 1603 571; x_wconf 76' lang='lat' dir='ltr'><strong>Mfintz</strong></span> <span class='ocrx_word' id='word_1_27' title='bbox 1648 510 1762 571; x_wconf 90' lang='lat' dir='ltr'><strong>Les</strong></span> <span class='ocrx_word' id='word_1_28' title='bbox 1811 514 1935 571; x_wconf 90' lang='lat' dir='ltr'><strong>arts</strong></span> <span class='ocrx_word' id='word_1_29' title='bbox 1981 505 2016 569; x_wconf 71' lang='lat' dir='ltr'><strong>a</strong></span> <span class='ocrx_word' id='word_1_30' title='bbox 2060 512 2124 572; x_wconf 89' lang='lat' dir='ltr'><strong>la</strong></span> <span class='ocrx_word' id='word_1_31' title='bbox 2169 530 2315 570; x_wconf 91' lang='lat' dir='ltr'><strong>cour</strong></span> 
     </span>
     <span class='ocr_line' id='line_1_5' title="bbox 277 590 1197 676; baseline -0.001 -17"><span class='ocrx_word' id='word_1_32' title='bbox 277 599 378 659; x_wconf 87' lang='lat' dir='ltr'><strong>des</strong></span> <span class='ocrx_word' id='word_1_33' title='bbox 423 618 616 676; x_wconf 90' lang='lat' dir='ltr'><strong>papes</strong></span> <span class='ocrx_word' id='word_1_34' title='bbox 661 599 711 675; x_wconf 92' lang='lat' dir='ltr'><strong>I,</strong></span> <span class='ocrx_word' id='word_1_35' title='bbox 743 602 886 660; x_wconf 88' lang='lat'>144.</span> <span class='ocrx_word' id='word_1_36' title='bbox 1178 590 1197 615; x_wconf 81' lang='lat'>⁸</span> 
     </span>
    </p>

    <p class='ocr_par' dir='ltr' id='par_1_3' title="bbox 275 687 2312 1123">
     <span class='ocr_line' id='line_1_6' title="bbox 409 687 2312 762; baseline -0.001 -13"><span class='ocrx_word' id='word_1_37' title='bbox 409 689 785 749; x_wconf 81' lang='lat' dir='ltr'><strong>Pantheon</strong></span> <span class='ocrx_word' id='word_1_38' title='bbox 856 690 972 749; x_wconf 86' lang='lat' dir='ltr'><strong>vel</strong></span> <span class='ocrx_word' id='word_1_39' title='bbox 1045 690 1355 749; x_wconf 89' lang='lat' dir='ltr'><strong>ecclesia</strong></span> <span class='ocrx_word' id='word_1_40' title='bbox 1429 687 1487 748; x_wconf 80' lang='lat' dir='ltr'><strong>S.</strong></span> <span class='ocrx_word' id='word_1_41' title='bbox 1560 689 1832 749; x_wconf 85' lang='lat' dir='ltr'><strong>Mariae</strong></span> <span class='ocrx_word' id='word_1_42' title='bbox 1906 689 2312 762; x_wconf 85' lang='lat' dir='ltr'><strong>Rotundae‚</strong></span> 
     </span>
     <span class='ocr_line' id='line_1_7' title="bbox 280 778 2312 856; baseline 0 -19"><span class='ocrx_word' id='word_1_43' title='bbox 280 797 480 856; x_wconf 89' lang='lat' dir='ltr'><strong>quam,</strong></span> <span class='ocrx_word' id='word_1_44' title='bbox 526 782 597 838; x_wconf 89' lang='lat' dir='ltr'><strong>ut</strong></span> <span class='ocrx_word' id='word_1_45' title='bbox 641 780 731 838; x_wconf 90' lang='lat' dir='ltr'><strong>ait</strong></span> <span class='ocrx_word' id='word_1_46' title='bbox 773 779 1083 854; x_wconf 76' lang='lat' dir='ltr'><strong>Horatius,</strong></span> <span class='ocrx_word' id='word_1_47' title='bbox 1127 796 1335 854; x_wconf 83' lang='lat' dir='ltr'><strong>„sacra</strong></span> <span class='ocrx_word' id='word_1_48' title='bbox 1378 779 1580 838; x_wconf 89' lang='lat' dir='ltr'><strong>ferunt</strong></span> <span class='ocrx_word' id='word_1_49' title='bbox 1622 778 1805 838; x_wconf 88' lang='lat' dir='ltr'><strong>matri</strong></span> <span class='ocrx_word' id='word_1_50' title='bbox 1857 779 2085 854; x_wconf 90' lang='lat' dir='ltr'><strong>templa</strong></span> <span class='ocrx_word' id='word_1_51' title='bbox 2130 778 2312 838; x_wconf 85' lang='lat' dir='ltr'><strong>fuisse</strong></span> 
     </span>
     <span class='ocr_line' id='line_1_8' title="bbox 277 866 2312 944; baseline 0 -19"><span class='ocrx_word' id='word_1_52' title='bbox 277 866 509 926; x_wconf 87' lang='lat' dir='ltr'><strong>deum“.</strong></span> <span class='ocrx_word' id='word_1_53' title='bbox 602 866 773 938; x_wconf 84' lang='lat' dir='ltr'><strong>Quod</strong></span> <span class='ocrx_word' id='word_1_54' title='bbox 846 867 1228 943; x_wconf 75' lang='lat' dir='ltr'><strong>antiquitatis</strong></span> <span class='ocrx_word' id='word_1_55' title='bbox 1291 869 1743 928; x_wconf 86' lang='lat' dir='ltr'><strong>monumentum</strong></span> <span class='ocrx_word' id='word_1_56' title='bbox 1808 867 2089 944; x_wconf 91' lang='lat' dir='ltr'><strong>plumbeo</strong></span> <span class='ocrx_word' id='word_1_57' title='bbox 2152 870 2312 927; x_wconf 87' lang='lat' dir='ltr'><strong>tecto</strong></span> 
     </span>
     <span class='ocr_line' id='line_1_9' title="bbox 275 956 2308 1033; baseline 0.001 -19"><span class='ocrx_word' id='word_1_58' title='bbox 275 958 608 1017; x_wconf 83' lang='lat' dir='ltr'><strong>restituisse</strong></span> <span class='ocrx_word' id='word_1_59' title='bbox 652 958 970 1017; x_wconf 85' lang='lat' dir='ltr'><strong>Nicolaum</strong></span> <span class='ocrx_word' id='word_1_60' title='bbox 1005 956 1248 1017; x_wconf 89' lang='lat' dir='ltr'><strong>Platina</strong></span> <span class='ocrx_word' id='word_1_61' title='bbox 1292 976 1529 1033; x_wconf 91' lang='lat' dir='ltr'><strong>quoque</strong></span> <span class='ocrx_word' id='word_1_62' title='bbox 1574 957 1764 1016; x_wconf 72' lang='lat' dir='ltr'><strong>tradit</strong></span> <span class='ocrx_word' id='word_1_63' title='bbox 1807 959 1873 1015; x_wconf 91' lang='lat' dir='ltr'><strong>in</strong></span> <span class='ocrx_word' id='word_1_64' title='bbox 1917 956 2062 1016; x_wconf 84' lang='lat' dir='ltr'><strong>vitis</strong></span> <span class='ocrx_word' id='word_1_65' title='bbox 2106 958 2308 1033; x_wconf 88' lang='lat' dir='ltr'><strong>ponti-</strong></span> 
     </span>
     <span class='ocr_line' id='line_1_10' title="bbox 282 1044 1311 1123; baseline -0.002 -18"><span class='ocrx_word' id='word_1_66' title='bbox 282 1044 477 1122; x_wconf 86' lang='lat' dir='ltr'><strong>ficum,</strong></span> <span class='ocrx_word' id='word_1_67' title='bbox 524 1047 597 1105; x_wconf 85' lang='lat' dir='ltr'><strong>cf.</strong></span> <span class='ocrx_word' id='word_1_68' title='bbox 643 1046 849 1105; x_wconf 81' lang='lat' dir='ltr'><strong>Miintz</strong></span> <span class='ocrx_word' id='word_1_69' title='bbox 895 1047 934 1104; x_wconf 87' lang='lat'><strong>1.</strong></span> <span class='ocrx_word' id='word_1_70' title='bbox 973 1064 1021 1105; x_wconf 77' lang='lat' dir='ltr'><strong>c.</strong></span> <span class='ocrx_word' id='word_1_71' title='bbox 1065 1067 1124 1123; x_wconf 90' lang='lat' dir='ltr'><strong>p.</strong></span> <span class='ocrx_word' id='word_1_72' title='bbox 1167 1048 1311 1106; x_wconf 87' lang='lat'>145.</span> 
     </span>
    </p>

    <p class='ocr_par' dir='ltr' id='par_1_4' title="bbox 276 1134 2312 1301">
     <span class='ocr_line' id='line_1_11' title="bbox 417 1134 2312 1213; baseline 0 -20"><span class='ocrx_word' id='word_1_73' title='bbox 417 1134 748 1195; x_wconf 82' lang='lat' dir='ltr'><strong>Castrum</strong></span> <span class='ocrx_word' id='word_1_74' title='bbox 809 1136 867 1194; x_wconf 83' lang='lat' dir='ltr'><strong>S.</strong></span> <span class='ocrx_word' id='word_1_75' title='bbox 913 1135 1180 1213; x_wconf 86' lang='lat' dir='ltr'><strong>Angeli</strong></span> <span class='ocrx_word' id='word_1_76' title='bbox 1233 1135 1374 1193; x_wconf 90' lang='lat' dir='ltr'><strong>inde</strong></span> <span class='ocrx_word' id='word_1_77' title='bbox 1436 1135 1512 1194; x_wconf 87' lang='lat' dir='ltr'><strong>ab</strong></span> <span class='ocrx_word' id='word_1_78' title='bbox 1578 1154 1734 1195; x_wconf 91' lang='lat' dir='ltr'><strong>anno</strong></span> <span class='ocrx_word' id='word_1_79' title='bbox 1785 1137 1955 1195; x_wconf 85' lang='lat'>1447</span> <span class='ocrx_word' id='word_1_80' title='bbox 2020 1135 2312 1194; x_wconf 89' lang='lat' dir='ltr'><strong>refectum</strong></span> 
     </span>
     <span class='ocr_line' id='line_1_12' title="bbox 276 1224 1240 1301; baseline 0.001 -18"><span class='ocrx_word' id='word_1_81' title='bbox 276 1225 342 1284; x_wconf 79' lang='lat' dir='ltr'><strong>et</strong></span> <span class='ocrx_word' id='word_1_82' title='bbox 382 1226 697 1298; x_wconf 88' lang='lat' dir='ltr'><strong>munitum,</strong></span> <span class='ocrx_word' id='word_1_83' title='bbox 741 1225 949 1283; x_wconf 80' lang='lat' dir='ltr'><strong>Miintz</strong></span> <span class='ocrx_word' id='word_1_84' title='bbox 994 1244 1052 1301; x_wconf 88' lang='lat' dir='ltr'><strong>p.</strong></span> <span class='ocrx_word' id='word_1_85' title='bbox 1094 1224 1240 1284; x_wconf 89' lang='lat'>150.</span> 
     </span>
    </p>

    <p class='ocr_par' dir='ltr' id='par_1_5' title="bbox 274 1304 2312 1660">
     <span class='ocr_line' id='line_1_13' title="bbox 411 1304 2311 1393; baseline -0.001 -21"><span class='ocrx_word' id='word_1_86' title='bbox 411 1313 593 1374; x_wconf 89' lang='lat' dir='ltr'><strong>Pons</strong></span> <span class='ocrx_word' id='word_1_87' title='bbox 640 1314 937 1375; x_wconf 85' lang='lat' dir='ltr'><strong>Milvius</strong></span> <span class='ocrx_word' id='word_1_88' title='bbox 1006 1332 1111 1373; x_wconf 91' lang='lat' dir='ltr'><strong>seu</strong></span> <span class='ocrx_word' id='word_1_89' title='bbox 1165 1317 1235 1373; x_wconf 89' lang='lat' dir='ltr'><strong>ut</strong></span> <span class='ocrx_word' id='word_1_90' title='bbox 1298 1314 1447 1374; x_wconf 90' lang='lat' dir='ltr'><strong>dicit</strong></span> <span class='ocrx_word' id='word_1_91' title='bbox 1506 1313 1796 1373; x_wconf 82' lang='lat' dir='ltr'><strong>Horatius</strong></span> <span class='ocrx_word' id='word_1_92' title='bbox 1861 1313 2160 1372; x_wconf 91' lang='lat' dir='ltr'><strong>Mollius</strong></span> <span class='ocrx_word' id='word_1_93' title='bbox 2218 1304 2311 1393; x_wconf 89' lang='lat' dir='ltr'><strong>(in</strong></span> 
     </span>
     <span class='ocr_line' id='line_1_14' title="bbox 277 1394 2311 1484; baseline -0.001 -23"><span class='ocrx_word' id='word_1_94' title='bbox 277 1404 549 1481; x_wconf 80' lang='lat' dir='ltr'><strong>margine</strong></span> <span class='ocrx_word' id='word_1_95' title='bbox 606 1423 716 1480; x_wconf 89' lang='lat' dir='ltr'><strong>per</strong></span> <span class='ocrx_word' id='word_1_96' title='bbox 779 1422 1038 1463; x_wconf 88' lang='lat' dir='ltr'><strong>errorem</strong></span> <span class='ocrx_word' id='word_1_97' title='bbox 1082 1403 1372 1480; x_wconf 86' lang='lat' dir='ltr'><strong>scriptum</strong></span> <span class='ocrx_word' id='word_1_98' title='bbox 1432 1405 1524 1462; x_wconf 90' lang='lat' dir='ltr'><strong>est</strong></span> <span class='ocrx_word' id='word_1_99' title='bbox 1576 1394 1924 1484; x_wconf 86' lang='lat' dir='ltr'><strong>emilius),</strong></span> <span class='ocrx_word' id='word_1_100' title='bbox 1979 1403 2146 1462; x_wconf 85' lang='lat' dir='ltr'><strong>cuius</strong></span> <span class='ocrx_word' id='word_1_101' title='bbox 2189 1421 2311 1460; x_wconf 90' lang='lat' dir='ltr'><strong>me-</strong></span> 
     </span>
     <span class='ocr_line' id='line_1_15' title="bbox 274 1491 2312 1570; baseline -0 -20"><span class='ocrx_word' id='word_1_102' title='bbox 274 1491 440 1551; x_wconf 84' lang='lat' dir='ltr'><strong>diam</strong></span> <span class='ocrx_word' id='word_1_103' title='bbox 482 1496 718 1568; x_wconf 86' lang='lat' dir='ltr'><strong>partem</strong></span> <span class='ocrx_word' id='word_1_104' title='bbox 753 1493 921 1570; x_wconf 81' lang='lat' dir='ltr'><strong>lig-no</strong></span> <span class='ocrx_word' id='word_1_105' title='bbox 967 1492 1327 1551; x_wconf 78' lang='lat' dir='ltr'><strong>fabricatam</strong></span> <span class='ocrx_word' id='word_1_106' title='bbox 1362 1492 1667 1569; x_wconf 84' lang='lat' dir='ltr'><strong>lapideam</strong></span> <span class='ocrx_word' id='word_1_107' title='bbox 1712 1491 2004 1551; x_wconf 81' lang='lat' dir='ltr'><strong>exstruxit</strong></span> <span class='ocrx_word' id='word_1_108' title='bbox 2038 1492 2312 1567; x_wconf 82' lang='lat' dir='ltr'><strong>pontifex</strong></span> 
     </span>
     <span class='ocr_line' id='line_1_16' title="bbox 276 1580 2310 1660; baseline -0.001 -20"><span class='ocrx_word' id='word_1_109' title='bbox 276 1582 608 1657; x_wconf 87' lang='lat' dir='ltr'><strong>turrimque</strong></span> <span class='ocrx_word' id='word_1_110' title='bbox 653 1583 716 1639; x_wconf 92' lang='lat' dir='ltr'><strong>in</strong></span> <span class='ocrx_word' id='word_1_111' title='bbox 764 1582 973 1642; x_wconf 84' lang='lat' dir='ltr'><strong>dextra</strong></span> <span class='ocrx_word' id='word_1_112' title='bbox 1025 1581 1287 1641; x_wconf 88' lang='lat' dir='ltr'><strong>fluminis</strong></span> <span class='ocrx_word' id='word_1_113' title='bbox 1333 1584 1469 1659; x_wconf 88' lang='lat' dir='ltr'><strong>ripa</strong></span> <span class='ocrx_word' id='word_1_114' title='bbox 1515 1584 1712 1656; x_wconf 88' lang='lat' dir='ltr'><strong>coepit</strong></span> <span class='ocrx_word' id='word_1_115' title='bbox 1766 1580 2094 1660; x_wconf 85' lang='lat' dir='ltr'><strong>aedificare.</strong></span> <span class='ocrx_word' id='word_1_116' title='bbox 2166 1580 2310 1640; x_wconf 88' lang='lat' dir='ltr'><strong>ibid.</strong></span> 
     </span>
    </p>

    <p class='ocr_par' dir='ltr' id='par_1_6' title="bbox 279 1757 2313 2015">
     <span class='ocr_line' id='line_1_17' title="bbox 410 1757 2300 1835; baseline 0.001 -20"><span class='ocrx_word' id='word_1_117' title='bbox 410 1757 637 1819; x_wconf 89' lang='lat' dir='ltr'><strong>Aedes</strong></span> <span class='ocrx_word' id='word_1_118' title='bbox 700 1760 1095 1820; x_wconf 86' lang='lat' dir='ltr'><strong>Vaticanae</strong></span> <span class='ocrx_word' id='word_1_119' title='bbox 1161 1778 1198 1819; x_wconf 89' lang='lat' dir='ltr'><strong>a</strong></span> <span class='ocrx_word' id='word_1_120' title='bbox 1260 1760 1512 1819; x_wconf 88' lang='lat' dir='ltr'><strong>Nicolao</strong></span> <span class='ocrx_word' id='word_1_121' title='bbox 1574 1761 1893 1819; x_wconf 86' lang='lat' dir='ltr'><strong>restitutae</strong></span> <span class='ocrx_word' id='word_1_122' title='bbox 1959 1761 2019 1817; x_wconf 88' lang='lat' dir='ltr'><strong>et</strong></span> <span class='ocrx_word' id='word_1_123' title='bbox 2084 1759 2300 1835; x_wconf 88' lang='lat' dir='ltr'><strong>ampli—</strong></span> 
     </span>
     <span class='ocr_line' id='line_1_18' title="bbox 285 1846 2313 1925; baseline 0 -20"><span class='ocrx_word' id='word_1_124' title='bbox 285 1846 500 1907; x_wconf 89' lang='lat' dir='ltr'><strong>ficatae</strong></span> <span class='ocrx_word' id='word_1_125' title='bbox 544 1850 845 1924; x_wconf 88' lang='lat' dir='ltr'><strong>murisque</strong></span> <span class='ocrx_word' id='word_1_126' title='bbox 892 1851 952 1909; x_wconf 90' lang='lat' dir='ltr'><strong>et</strong></span> <span class='ocrx_word' id='word_1_127' title='bbox 1014 1849 1279 1909; x_wconf 87' lang='lat' dir='ltr'><strong>turribus</strong></span> <span class='ocrx_word' id='word_1_128' title='bbox 1346 1850 1593 1925; x_wconf 87' lang='lat' dir='ltr'><strong>cinctae,</strong></span> <span class='ocrx_word' id='word_1_129' title='bbox 1656 1848 1816 1925; x_wconf 92' lang='lat' dir='ltr'><strong>quod</strong></span> <span class='ocrx_word' id='word_1_130' title='bbox 1862 1866 2009 1924; x_wconf 88' lang='lat' dir='ltr'><strong>opus</strong></span> <span class='ocrx_word' id='word_1_131' title='bbox 2072 1849 2313 1924; x_wconf 89' lang='lat' dir='ltr'><strong>praeter</strong></span> 
     </span>
     <span class='ocr_line' id='line_1_19' title="bbox 279 1937 2095 2015; baseline 0 -19"><span class='ocrx_word' id='word_1_132' title='bbox 279 1937 480 1997; x_wconf 89' lang='lat' dir='ltr'><strong>cetera</strong></span> <span class='ocrx_word' id='word_1_133' title='bbox 523 1938 988 2015; x_wconf 87' lang='lat' dir='ltr'><strong>praedicandum</strong></span> <span class='ocrx_word' id='word_1_134' title='bbox 1035 1943 1234 2000; x_wconf 89' lang='lat' dir='ltr'><strong>censet</strong></span> <span class='ocrx_word' id='word_1_135' title='bbox 1277 1937 1587 2000; x_wconf 89' lang='lat' dir='ltr'><strong>Horatius.</strong></span> <span class='ocrx_word' id='word_1_136' title='bbox 1659 1937 1803 1998; x_wconf 89' lang='lat' dir='ltr'><strong>ibid.</strong></span> <span class='ocrx_word' id='word_1_137' title='bbox 1849 1957 1907 2014; x_wconf 90' lang='lat' dir='ltr'><strong>p.</strong></span> <span class='ocrx_word' id='word_1_138' title='bbox 1950 1941 1982 1997; x_wconf 89' lang='lat'>1</span> <span class='ocrx_word' id='word_1_139' title='bbox 1996 1937 2095 1998; x_wconf 91' lang='lat'><strong>15.</strong></span> 
     </span>
    </p>

    <p class='ocr_par' dir='ltr' id='par_1_7' title="bbox 273 2026 2314 3623">
     <span class='ocr_line' id='line_1_20' title="bbox 412 2026 2312 2105; baseline 0 -19"><span class='ocrx_word' id='word_1_140' title='bbox 412 2030 469 2086; x_wconf 82' lang='lat'><strong>2.</strong></span> <span class='ocrx_word' id='word_1_141' title='bbox 515 2026 899 2088; x_wconf 87' lang='lat' dir='ltr'><strong>Porcariae</strong></span> <span class='ocrx_word' id='word_1_142' title='bbox 944 2029 1085 2088; x_wconf 88' lang='lat' dir='ltr'><strong>libri</strong></span> <span class='ocrx_word' id='word_1_143' title='bbox 1129 2029 1267 2104; x_wconf 92' lang='lat' dir='ltr'><strong>duo,</strong></span> <span class='ocrx_word' id='word_1_144' title='bbox 1313 2029 1474 2105; x_wconf 91' lang='lat' dir='ltr'><strong>quod</strong></span> <span class='ocrx_word' id='word_1_145' title='bbox 1518 2047 1756 2089; x_wconf 87' lang='lat' dir='ltr'><strong>carmen</strong></span> <span class='ocrx_word' id='word_1_146' title='bbox 1803 2029 2038 2104; x_wconf 89' lang='lat' dir='ltr'><strong>epicum</strong></span> <span class='ocrx_word' id='word_1_147' title='bbox 2075 2029 2312 2087; x_wconf 88' lang='lat' dir='ltr'><strong>constat</strong></span> 
     </span>
     <span class='ocr_line' id='line_1_21' title="bbox 278 2117 2309 2194; baseline 0 -19"><span class='ocrx_word' id='word_1_148' title='bbox 278 2134 353 2175; x_wconf 85' lang='lat' dir='ltr'><strong>ex</strong></span> <span class='ocrx_word' id='word_1_149' title='bbox 395 2117 564 2175; x_wconf 87' lang='lat'>1053</span> <span class='ocrx_word' id='word_1_150' title='bbox 613 2117 880 2176; x_wconf 84' lang='lat' dir='ltr'><strong>versibus</strong></span> <span class='ocrx_word' id='word_1_151' title='bbox 924 2118 1303 2193; x_wconf 82' lang='lat' dir='ltr'><strong>hexametriS,</strong></span> <span class='ocrx_word' id='word_1_152' title='bbox 1349 2118 1422 2177; x_wconf 89' lang='lat' dir='ltr'><strong>de</strong></span> <span class='ocrx_word' id='word_1_153' title='bbox 1461 2137 1578 2194; x_wconf 89' lang='lat' dir='ltr'><strong>quo</strong></span> <span class='ocrx_word' id='word_1_154' title='bbox 1617 2117 1743 2177; x_wconf 84' lang='lat' dir='ltr'><strong>dixi</strong></span> <span class='ocrx_word' id='word_1_155' title='bbox 1775 2119 1841 2175; x_wconf 89' lang='lat' dir='ltr'><strong>in</strong></span> <span class='ocrx_word' id='word_1_156' title='bbox 1887 2119 2309 2177; x_wconf 89' lang='lat' dir='ltr'><strong>commentario</strong></span> 
     </span>
     <span class='ocr_line' id='line_1_22' title="bbox 279 2205 2312 2285; baseline 0 -22"><span class='ocrx_word' id='word_1_157' title='bbox 279 2206 388 2281; x_wconf 89' lang='lat' dir='ltr'><strong>qui</strong></span> <span class='ocrx_word' id='word_1_158' title='bbox 447 2205 798 2265; x_wconf 88' lang='lat' dir='ltr'><strong>inscribitur</strong></span> <span class='ocrx_word' id='word_1_159' title='bbox 861 2206 992 2282; x_wconf 89' lang='lat' dir='ltr'><strong>„die</strong></span> <span class='ocrx_word' id='word_1_160' title='bbox 1054 2207 1533 2285; x_wconf 69' lang='lat' dir='ltr'><strong>Verschworung</strong></span> <span class='ocrx_word' id='word_1_161' title='bbox 1598 2207 1700 2266; x_wconf 89' lang='lat' dir='ltr'><strong>des</strong></span> <span class='ocrx_word' id='word_1_162' title='bbox 1765 2206 2012 2266; x_wconf 86' lang='lat' dir='ltr'><strong>Stefano</strong></span> <span class='ocrx_word' id='word_1_163' title='bbox 2070 2206 2312 2265; x_wconf 88' lang='lat' dir='ltr'><strong>Porcari</strong></span> 
     </span>
     <span class='ocr_line' id='line_1_23' title="bbox 278 2288 2313 2377; baseline 0.001 -26"><span class='ocrx_word' id='word_1_164' title='bbox 278 2293 403 2352; x_wconf 89' lang='lat' dir='ltr'><strong>und</strong></span> <span class='ocrx_word' id='word_1_165' title='bbox 447 2294 542 2353; x_wconf 87' lang='lat' dir='ltr'><strong>die</strong></span> <span class='ocrx_word' id='word_1_166' title='bbox 589 2294 895 2373; x_wconf 86' lang='lat' dir='ltr'><strong>Dichtung</strong></span> <span class='ocrx_word' id='word_1_167' title='bbox 941 2296 1047 2355; x_wconf 90' lang='lat' dir='ltr'><strong>der</strong></span> <span class='ocrx_word' id='word_1_168' title='bbox 1081 2294 1517 2357; x_wconf 84' lang='lat' dir='ltr'><strong>Renaissance“</strong></span> <span class='ocrx_word' id='word_1_169' title='bbox 1562 2288 1760 2377; x_wconf 86' lang='lat' dir='ltr'><strong>(Neue</strong></span> <span class='ocrx_word' id='word_1_170' title='bbox 1794 2295 1835 2353; x_wconf 87' lang='lat' dir='ltr'><strong>J</strong></span> <span class='ocrx_word' id='word_1_171' title='bbox 1838 2296 2167 2355; x_wconf 80' lang='lat' dir='ltr'><strong>ahrbiicher</strong></span> <span class='ocrx_word' id='word_1_172' title='bbox 2212 2295 2313 2353; x_wconf 79' lang='lat' dir='ltr'><strong>fiir</strong></span> 
     </span>
     <span class='ocr_line' id='line_1_24' title="bbox 281 2381 2314 2460; baseline 0.001 -20"><span class='ocrx_word' id='word_1_173' title='bbox 281 2381 392 2441; x_wconf 94' lang='lat' dir='ltr'><strong>das</strong></span> <span class='ocrx_word' id='word_1_174' title='bbox 433 2383 615 2443; x_wconf 86' lang='lat' dir='ltr'><strong>klass.</strong></span> <span class='ocrx_word' id='word_1_175' title='bbox 661 2384 984 2460; x_wconf 86' lang='lat' dir='ltr'><strong>Altertum,</strong></span> <span class='ocrx_word' id='word_1_176' title='bbox 1048 2383 1399 2446; x_wconf 86' lang='lat' dir='ltr'><strong>Geschichte</strong></span> <span class='ocrx_word' id='word_1_177' title='bbox 1462 2386 1588 2444; x_wconf 88' lang='lat' dir='ltr'><strong>und</strong></span> <span class='ocrx_word' id='word_1_178' title='bbox 1652 2384 1934 2444; x_wconf 89' lang='lat' dir='ltr'><strong>deutsche</strong></span> <span class='ocrx_word' id='word_1_179' title='bbox 1978 2384 2314 2443; x_wconf 88' lang='lat' dir='ltr'><strong>Litteratur</strong></span> 
     </span>
     <span class='ocr_line' id='line_1_25' title="bbox 286 2467 2309 2557; baseline 0.001 -27"><span class='ocrx_word' id='word_1_180' title='bbox 286 2473 453 2531; x_wconf 89' lang='lat'>1903</span> <span class='ocrx_word' id='word_1_181' title='bbox 517 2471 565 2531; x_wconf 89' lang='grc' dir='ltr'><strong>Ι.</strong></span> <span class='ocrx_word' id='word_1_182' title='bbox 602 2473 825 2533; x_wconf 87' lang='lat' dir='ltr'><strong>Abteil.</strong></span> <span class='ocrx_word' id='word_1_183' title='bbox 889 2473 1141 2551; x_wconf 83' lang='lat' dir='ltr'><strong>Bd.X1,</strong></span> <span class='ocrx_word' id='word_1_184' title='bbox 1202 2496 1260 2552; x_wconf 93' lang='lat' dir='ltr'><strong>p.</strong></span> <span class='ocrx_word' id='word_1_185' title='bbox 1305 2467 1481 2557; x_wconf 85' lang='lat'><strong>108).</strong></span> <span class='ocrx_word' id='word_1_186' title='bbox 1591 2475 1784 2545; x_wconf 83' lang='lat' dir='ltr'><strong>Quare</strong></span> <span class='ocrx_word' id='word_1_187' title='bbox 1858 2474 1930 2533; x_wconf 93' lang='lat' dir='ltr'><strong>de</strong></span> <span class='ocrx_word' id='word_1_188' title='bbox 2005 2474 2309 2548; x_wconf 84' lang='lat' dir='ltr'><strong>Stephano</strong></span> 
     </span>
     <span class='ocr_line' id='line_1_26' title="bbox 278 2559 2310 2640; baseline 0.003 -22"><span class='ocrx_word' id='word_1_189' title='bbox 278 2559 409 2634; x_wconf 88' lang='lat' dir='ltr'><strong>illo,</strong></span> <span class='ocrx_word' id='word_1_190' title='bbox 465 2564 569 2636; x_wconf 87' lang='lat' dir='ltr'><strong>qui</strong></span> <span class='ocrx_word' id='word_1_191' title='bbox 614 2564 1022 2623; x_wconf 86' lang='lat' dir='ltr'><strong>coniuratione</strong></span> <span class='ocrx_word' id='word_1_192' title='bbox 1083 2583 1264 2640; x_wconf 84' lang='lat' dir='ltr'><strong>quam</strong></span> <span class='ocrx_word' id='word_1_193' title='bbox 1323 2566 1535 2623; x_wconf 88' lang='lat' dir='ltr'><strong>contra</strong></span> <span class='ocrx_word' id='word_1_194' title='bbox 1576 2564 1896 2623; x_wconf 86' lang='lat' dir='ltr'><strong>Nicolaum</strong></span> <span class='ocrx_word' id='word_1_195' title='bbox 1954 2563 2310 2624; x_wconf 88' lang='lat' dir='ltr'><strong>dominatio-</strong></span> 
     </span>
     <span class='ocr_line' id='line_1_27' title="bbox 276 2651 2311 2727; baseline 0.001 -19"><span class='ocrx_word' id='word_1_196' title='bbox 276 2668 529 2725; x_wconf 90' lang='lat' dir='ltr'><strong>nemque</strong></span> <span class='ocrx_word' id='word_1_197' title='bbox 575 2651 946 2727; x_wconf 88' lang='lat' dir='ltr'><strong>pontificiam</strong></span> <span class='ocrx_word' id='word_1_198' title='bbox 982 2653 1206 2713; x_wconf 83' lang='lat' dir='ltr'><strong>fecerat</strong></span> <span class='ocrx_word' id='word_1_199' title='bbox 1247 2653 1482 2712; x_wconf 88' lang='lat' dir='ltr'><strong>detecta</strong></span> <span class='ocrx_word' id='word_1_200' title='bbox 1527 2671 1580 2712; x_wconf 90' lang='lat' dir='ltr'><strong>a.</strong></span> <span class='ocrx_word' id='word_1_201' title='bbox 1620 2653 1675 2712; x_wconf 89' lang='lat' dir='ltr'><strong>d.</strong></span> <span class='ocrx_word' id='word_1_202' title='bbox 1711 2651 1769 2709; x_wconf 92' lang='lat' dir='ltr'><strong>V</strong></span> <span class='ocrx_word' id='word_1_203' title='bbox 1814 2652 1956 2712; x_wconf 90' lang='lat' dir='ltr'><strong>Idus</strong></span> <span class='ocrx_word' id='word_1_204' title='bbox 1994 2651 2311 2711; x_wconf 85' lang='lat' dir='ltr'><strong>Ianuarias</strong></span> 
     </span>
     <span class='ocr_line' id='line_1_28' title="bbox 275 2739 2311 2819; baseline 0.002 -22"><span class='ocrx_word' id='word_1_205' title='bbox 275 2739 421 2798; x_wconf 86' lang='lat' dir='ltr'><strong>anni</strong></span> <span class='ocrx_word' id='word_1_206' title='bbox 471 2740 640 2799; x_wconf 87' lang='lat'>1453</span> <span class='ocrx_word' id='word_1_207' title='bbox 688 2759 810 2799; x_wconf 86' lang='lat' dir='ltr'><strong>una</strong></span> <span class='ocrx_word' id='word_1_208' title='bbox 866 2759 1002 2800; x_wconf 94' lang='lat' dir='ltr'><strong>cum</strong></span> <span class='ocrx_word' id='word_1_209' title='bbox 1047 2742 1281 2819; x_wconf 83' lang='lat' dir='ltr'><strong>Angelo</strong></span> <span class='ocrx_word' id='word_1_210' title='bbox 1325 2742 1481 2802; x_wconf 88' lang='lat' dir='ltr'><strong>Masi</strong></span> <span class='ocrx_word' id='word_1_211' title='bbox 1533 2741 1779 2819; x_wconf 87' lang='lat' dir='ltr'><strong>filioque</strong></span> <span class='ocrx_word' id='word_1_212' title='bbox 1833 2744 1959 2800; x_wconf 89' lang='lat' dir='ltr'><strong>eius</strong></span> <span class='ocrx_word' id='word_1_213' title='bbox 2008 2740 2311 2801; x_wconf 82' lang='lat' dir='ltr'><strong>Clemente</strong></span> 
     </span>
     <span class='ocr_line' id='line_1_29' title="bbox 276 2828 2310 2905; baseline 0.002 -20"><span class='ocrx_word' id='word_1_214' title='bbox 276 2828 450 2886; x_wconf 82' lang='lat' dir='ltr'><strong>furca</strong></span> <span class='ocrx_word' id='word_1_215' title='bbox 495 2846 812 2905; x_wconf 91' lang='lat' dir='ltr'><strong>suspensus</strong></span> <span class='ocrx_word' id='word_1_216' title='bbox 856 2849 1079 2905; x_wconf 90' lang='lat' dir='ltr'><strong>poenas</strong></span> <span class='ocrx_word' id='word_1_217' title='bbox 1116 2831 1354 2891; x_wconf 87' lang='lat' dir='ltr'><strong>sceleris</strong></span> <span class='ocrx_word' id='word_1_218' title='bbox 1380 2831 1515 2905; x_wconf 90' lang='lat' dir='ltr'><strong>luit,</strong></span> <span class='ocrx_word' id='word_1_219' title='bbox 1552 2832 1744 2890; x_wconf 90' lang='lat' dir='ltr'><strong>denuo</strong></span> <span class='ocrx_word' id='word_1_220' title='bbox 1771 2832 1869 2890; x_wconf 93' lang='lat' dir='ltr'><strong>hic</strong></span> <span class='ocrx_word' id='word_1_221' title='bbox 1896 2831 2079 2892; x_wconf 85' lang='lat' dir='ltr'><strong>verba</strong></span> <span class='ocrx_word' id='word_1_222' title='bbox 2116 2832 2310 2890; x_wconf 87' lang='lat' dir='ltr'><strong>facere</strong></span> 
     </span>
     <span class='ocr_line' id='line_1_30' title="bbox 275 2917 2309 2997; baseline 0.002 -21"><span class='ocrx_word' id='word_1_223' title='bbox 275 2917 779 2992; x_wconf 84' lang='lat' dir='ltr'><strong>supersedendum</strong></span> <span class='ocrx_word' id='word_1_224' title='bbox 841 2921 1081 2995; x_wconf 85' lang='lat' dir='ltr'><strong>putavi,</strong></span> <span class='ocrx_word' id='word_1_225' title='bbox 1143 2922 1499 2997; x_wconf 87' lang='lat' dir='ltr'><strong>praesertim</strong></span> <span class='ocrx_word' id='word_1_226' title='bbox 1579 2939 1715 2980; x_wconf 90' lang='lat' dir='ltr'><strong>cum</strong></span> <span class='ocrx_word' id='word_1_227' title='bbox 1788 2920 1859 2979; x_wconf 90' lang='lat' dir='ltr'><strong>de</strong></span> <span class='ocrx_word' id='word_1_228' title='bbox 1921 2921 2070 2996; x_wconf 89' lang='lat' dir='ltr'><strong>ipsis</strong></span> <span class='ocrx_word' id='word_1_229' title='bbox 2133 2920 2309 2980; x_wconf 89' lang='lat' dir='ltr'><strong>rebus</strong></span> 
     </span>
     <span class='ocr_line' id='line_1_31' title="bbox 279 3007 2308 3087; baseline 0.001 -22"><span class='ocrx_word' id='word_1_230' title='bbox 279 3007 465 3083; x_wconf 86' lang='lat' dir='ltr'><strong>gestis</strong></span> <span class='ocrx_word' id='word_1_231' title='bbox 500 3026 715 3082; x_wconf 90' lang='lat' dir='ltr'><strong>parum</strong></span> <span class='ocrx_word' id='word_1_232' title='bbox 750 3010 894 3068; x_wconf 88' lang='lat' dir='ltr'><strong>novi</strong></span> <span class='ocrx_word' id='word_1_233' title='bbox 931 3028 964 3069; x_wconf 89' lang='lat' dir='ltr'><strong>e</strong></span> <span class='ocrx_word' id='word_1_234' title='bbox 999 3009 1266 3069; x_wconf 85' lang='lat' dir='ltr'><strong>versibus</strong></span> <span class='ocrx_word' id='word_1_235' title='bbox 1302 3010 1653 3070; x_wconf 89' lang='lat' dir='ltr'><strong>Horatianis</strong></span> <span class='ocrx_word' id='word_1_236' title='bbox 1699 3012 2106 3087; x_wconf 84' lang='lat' dir='ltr'><strong>cog-noscatur.</strong></span> <span class='ocrx_word' id='word_1_237' title='bbox 2177 3008 2308 3077; x_wconf 84' lang='lat' dir='ltr'><strong>Quo</strong></span> 
     </span>
     <span class='ocr_line' id='line_1_32' title="bbox 273 3093 2309 3175; baseline 0.001 -21"><span class='ocrx_word' id='word_1_238' title='bbox 273 3093 540 3154; x_wconf 88' lang='lat' dir='ltr'><strong>carmine</strong></span> <span class='ocrx_word' id='word_1_239' title='bbox 585 3113 706 3155; x_wconf 91' lang='lat' dir='ltr'><strong>non</strong></span> <span class='ocrx_word' id='word_1_240' title='bbox 749 3099 879 3156; x_wconf 91' lang='lat' dir='ltr'><strong>tam</strong></span> <span class='ocrx_word' id='word_1_241' title='bbox 940 3099 1006 3156; x_wconf 89' lang='lat' dir='ltr'><strong>in</strong></span> <span class='ocrx_word' id='word_1_242' title='bbox 1057 3100 1256 3158; x_wconf 87' lang='lat' dir='ltr'><strong>animo</strong></span> <span class='ocrx_word' id='word_1_243' title='bbox 1320 3099 1534 3158; x_wconf 90' lang='lat' dir='ltr'><strong>habuit</strong></span> <span class='ocrx_word' id='word_1_244' title='bbox 1594 3101 1775 3175; x_wconf 87' lang='lat' dir='ltr'><strong>poeta</strong></span> <span class='ocrx_word' id='word_1_245' title='bbox 1838 3100 2309 3159; x_wconf 86' lang='lat' dir='ltr'><strong>coniurationem</strong></span> 
     </span>
     <span class='ocr_line' id='line_1_33' title="bbox 277 3183 2311 3263; baseline 0.002 -21"><span class='ocrx_word' id='word_1_246' title='bbox 277 3183 452 3243; x_wconf 92' lang='lat' dir='ltr'><strong>illam</strong></span> <span class='ocrx_word' id='word_1_247' title='bbox 516 3203 790 3262; x_wconf 87' lang='lat' dir='ltr'><strong>quaeque</strong></span> <span class='ocrx_word' id='word_1_248' title='bbox 854 3206 985 3247; x_wconf 90' lang='lat' dir='ltr'><strong>eam</strong></span> <span class='ocrx_word' id='word_1_249' title='bbox 1048 3190 1252 3247; x_wconf 89' lang='lat' dir='ltr'><strong>secuta</strong></span> <span class='ocrx_word' id='word_1_250' title='bbox 1315 3190 1514 3247; x_wconf 89' lang='lat' dir='ltr'><strong>essent</strong></span> <span class='ocrx_word' id='word_1_251' title='bbox 1585 3187 1939 3260; x_wconf 90' lang='lat' dir='ltr'><strong>describere,</strong></span> <span class='ocrx_word' id='word_1_252' title='bbox 2013 3206 2194 3263; x_wconf 84' lang='lat' dir='ltr'><strong>quam</strong></span> <span class='ocrx_word' id='word_1_253' title='bbox 2238 3191 2311 3247; x_wconf 88' lang='lat' dir='ltr'><strong>ut</strong></span> 
     </span>
     <span class='ocr_line' id='line_1_34' title="bbox 277 3274 2308 3354; baseline 0.001 -21"><span class='ocrx_word' id='word_1_254' title='bbox 277 3274 498 3333; x_wconf 91' lang='lat' dir='ltr'><strong>summi</strong></span> <span class='ocrx_word' id='word_1_255' title='bbox 541 3275 841 3350; x_wconf 89' lang='lat' dir='ltr'><strong>pontificis</strong></span> <span class='ocrx_word' id='word_1_256' title='bbox 887 3278 1142 3354; x_wconf 85' lang='lat' dir='ltr'><strong>gloriam</strong></span> <span class='ocrx_word' id='word_1_257' title='bbox 1187 3276 1562 3354; x_wconf 90' lang='lat' dir='ltr'><strong>praedicaret</strong></span> <span class='ocrx_word' id='word_1_258' title='bbox 1598 3295 1777 3352; x_wconf 90' lang='lat' dir='ltr'><strong>seque</strong></span> <span class='ocrx_word' id='word_1_259' title='bbox 1813 3278 2012 3352; x_wconf 90' lang='lat' dir='ltr'><strong>ipsum</strong></span> <span class='ocrx_word' id='word_1_260' title='bbox 2057 3277 2308 3336; x_wconf 89' lang='lat' dir='ltr'><strong>clemen-</strong></span> 
     </span>
     <span class='ocr_line' id='line_1_35' title="bbox 273 3363 2310 3443; baseline 0 -20"><span class='ocrx_word' id='word_1_261' title='bbox 273 3363 401 3423; x_wconf 85' lang='lat' dir='ltr'><strong>tiae</strong></span> <span class='ocrx_word' id='word_1_262' title='bbox 447 3365 574 3423; x_wconf 90' lang='lat' dir='ltr'><strong>eius</strong></span> <span class='ocrx_word' id='word_1_263' title='bbox 620 3365 1074 3426; x_wconf 88' lang='lat' dir='ltr'><strong>commendaret.</strong></span> <span class='ocrx_word' id='word_1_264' title='bbox 1166 3367 1375 3443; x_wconf 88' lang='lat' dir='ltr'><strong>Neque</strong></span> <span class='ocrx_word' id='word_1_265' title='bbox 1421 3368 1579 3426; x_wconf 85' lang='lat' dir='ltr'><strong>enim</strong></span> <span class='ocrx_word' id='word_1_266' title='bbox 1638 3367 1827 3424; x_wconf 87' lang='lat' dir='ltr'><strong>ullam</strong></span> <span class='ocrx_word' id='word_1_267' title='bbox 1879 3366 2310 3442; x_wconf 86' lang='lat' dir='ltr'><strong>praetermittit</strong></span> 
     </span>
     <span class='ocr_line' id='line_1_36' title="bbox 274 3452 2309 3531; baseline -0 -18"><span class='ocrx_word' id='word_1_268' title='bbox 274 3452 664 3531; x_wconf 88' lang='lat' dir='ltr'><strong>occasionem,</strong></span> <span class='ocrx_word' id='word_1_269' title='bbox 709 3455 856 3531; x_wconf 90' lang='lat' dir='ltr'><strong>quin</strong></span> <span class='ocrx_word' id='word_1_270' title='bbox 900 3455 1199 3531; x_wconf 85' lang='lat' dir='ltr'><strong>pontificis</strong></span> <span class='ocrx_word' id='word_1_271' title='bbox 1244 3458 1501 3515; x_wconf 82' lang='lat' dir='ltr'><strong>virtutes</strong></span> <span class='ocrx_word' id='word_1_272' title='bbox 1544 3454 1946 3530; x_wconf 88' lang='lat' dir='ltr'><strong>beneficiaque</strong></span> <span class='ocrx_word' id='word_1_273' title='bbox 1991 3456 2059 3513; x_wconf 90' lang='lat' dir='ltr'><strong>in</strong></span> <span class='ocrx_word' id='word_1_274' title='bbox 2100 3454 2309 3513; x_wconf 89' lang='lat' dir='ltr'><strong>urbem</strong></span> 
     </span>
     <span class='ocr_line' id='line_1_37' title="bbox 276 3542 2308 3623; baseline -0 -21"><span class='ocrx_word' id='word_1_275' title='bbox 276 3542 535 3604; x_wconf 87' lang='lat' dir='ltr'><strong>Romam</strong></span> <span class='ocrx_word' id='word_1_276' title='bbox 588 3548 872 3622; x_wconf 84' lang='lat' dir='ltr'><strong>congesta</strong></span> <span class='ocrx_word' id='word_1_277' title='bbox 936 3545 1234 3605; x_wconf 87' lang='lat' dir='ltr'><strong>collaudet</strong></span> <span class='ocrx_word' id='word_1_278' title='bbox 1288 3548 1351 3605; x_wconf 93' lang='lat' dir='ltr'><strong>et</strong></span> <span class='ocrx_word' id='word_1_279' title='bbox 1414 3544 1695 3623; x_wconf 89' lang='lat' dir='ltr'><strong>celebret,</strong></span> <span class='ocrx_word' id='word_1_280' title='bbox 1757 3563 1948 3620; x_wconf 90' lang='lat' dir='ltr'><strong>neque</strong></span> <span class='ocrx_word' id='word_1_281' title='bbox 1996 3543 2068 3604; x_wconf 91' lang='lat' dir='ltr'><strong>ob</strong></span> <span class='ocrx_word' id='word_1_282' title='bbox 2125 3544 2308 3602; x_wconf 87' lang='lat' dir='ltr'><strong>aliam</strong></span> 
     </span>
    </p>
   </div>
  </div>
 </body>
</html>
