2650 3925
406 562 855 631 HORATIVS
901 562 1190 630 PETRO
1236 563 1547 629 LVNEN
1550 564 1629 629 SI
1676 563 2105 631 SALVTEM.

366 694 704 756 Alexander
747 695 851 755 ille
895 694 1142 754 Macedo
1189 714 1457 755 summus
1512 698 1842 772 imperator
1895 698 2066 774 regni
2119 697 2263 756 fines

233 784 452 845 dicitur
514 785 827 864 fatigasse,
891 804 965 844 ne
1030 785 1164 860 quis
1237 783 1435 862 ipsum
1507 785 1665 844 alius
1738 785 2012 864 pingeret
2084 805 2265 861 quam

231 872 493 950 ApelleS,
556 873 893 952 Pyrgotiles
957 874 1272 950 sculperet,
1335 871 1635 950 Lysippus
1692 874 1933 933 duceret
1978 895 2050 934 ex
2110 894 2264 949 aere,

234 964 340 1039 qui
367 982 439 1022 ea
474 967 831 1039 tempestate
869 963 1188 1022 clarissimi
1214 963 1490 1039 plurimis
1526 964 1892 1041 imaginibus
1922 966 2263 1023 extiterunt.

181 1070 207 1111 ⁶
234 1052 573 1111 Verebatur
616 1055 776 1112 enim
811 1052 936 1127 ille,
980 1072 1054 1112 ne
1090 1051 1201 1111 vili
1247 1051 1509 1128 quodam
1553 1053 1824 1128 exemplo
1872 1054 1999 1112 eius
2044 1073 2264 1113 memo-

231 1140 326 1201 ria
389 1140 769 1216 abolesceret,
833 1160 967 1213 cum
1000 1142 1178 1224 'satis
1239 1141 1356 1208 sibi
1415 1161 1749 1217 nunquam-
1778 1142 2027 1200 laudari
2090 1160 2263 1218 posse

232 1229 537 1290 videretur
571 1233 631 1290 et
667 1232 957 1290 maiorem
1003 1234 1318 1307 quaereret
1354 1230 1612 1308 gloriam
1648 1231 1960 1307 splendore
1999 1231 2262 1315 artificis.

233 1318 457 1379 Vereor
490 1339 565 1378 ne
602 1320 818 1380 summi
862 1309 1162 1402 pontificis
1201 1334 1375 1379 aures
1412 1319 1777 1403 offenderim,
1814 1322 1920 1403 qui
1965 1299 2264 1421 fulgorem

234 1427 375 1469 suae
422 1408 757 1469 maiestatis
804 1410 1103 1493 attingere
1142 1426 1321 1468 ausus
1361 1410 1493 1483 sim,
1540 1428 1675 1468 3331
1711 1407 1813 1468 vix
1849 1399 1958 1467 illa
2003 1409 2263 1488 ingenia,

152 1515 207 1558 10
235 1516 491 1574 quorum
534 1499 907 1575 praestantia
951 1487 1184 1557 laudes
1194 1500 1451 1557 maiores
1489 1485 1847 1574 efficiuntur,
1886 1499 2069 1576 digna
2106 1501 2263 1558 'satis

234 1605 361 1647 esse
406 1586 764 1646 iudicentur.
855 1575 1027 1646 Nihil
1072 1586 1232 1646 enim
1276 1591 1406 1646 tam·
1452 1588 1672 1661 altum,
1727 1545 1881 1645 nihil
1925 1589 2054 1646 tam
2101 1607 2263 1665 spec-

230 1678 395 1735 tatae
466 1676 740 1751 virtuti8‚
822 1675 986 1753 quod
1057 1677 1278 1758 summi
1348 1673 1649 1753 pontificis
1719 1678 2003 1758 meritum
2075 1678 2264 1753 possit
2303 1670 2307 1673 ⁴

233 1784 509 1842 aequare.
598 1764 827 1825 Verum
871 1765 1100 1826 otiosus
1144 1763 1389 1841 pudoris
1424 1764 1582 1824 fines
1627 1756 1792 1824 volui
1839 1767 2164 1842 praeterire
2204 1770 2264 1826 et

233 1873 304 1914 ex
347 1855 544 1914 arenti
589 1853 831 1932 ingenio
875 1844 1202 1915 versiculos
1248 1853 1489 1929 cudere,
1533 1872 1686 1938 quos
1732 1853 1809 1913 ad
1854 1857 1915 1913 te
1963 1855 2261 1914 destinare

154 1959 206 2002 15
234 1943 494 2021 decrevi,
550 1947 622 2004 ut
666 1944 805 2005 illos
850 1947 957 2004 tuo
1002 1942 1228 2004 iudicio
1275 1943 1616 2028 damnares,
1682 1963 1751 2003 ex
1807 1947 1979 2021 parte
2045 1940 2262 2008 saltem

230 2034 330 2093 vel
374 2032 744 2094 honestiores
789 2033 1081 2093 redderes.
1174 2034 1440 2092 Tantum
1486 2030 1708 2093 etenim
1743 2034 1856 2093 tibi
1901 2034 2121 2093 lumen
2141 2035 2260 2094 elo-

231 2124 517 2200 quentiae
562 2142 635 2183 ac
696 2122 1036 2182 litterarum
1099 2122 1374 2183 doctrina
1434 2122 1715 2201 refulget,
1778 2125 1850 2181 ut
1914 2126 2109 2183 natus
2146 2124 2262 2184 1113
2323 2116 2331 2140 ¹

230 2215 376 2272 tuus
412 2232 486 2271 ex
518 2213 626 2271 tuo
672 2213 838 2272 fonte
872 2211 1142 2288 liquores
1190 2204 1423 2273 abunde
1469 2212 1739 2288 potuerit
1783 2210 2043 2271 haurire.
2132 2209 2260 2291 Ego

229 2319 371 2360 vero
417 2301 470 2360 is
513 2319 672 2376 sum,
735 2304 809 2361 ut
861 2314 1008 2360 ‘cum
1062 2317 1157 2360 me
1220 2314 1356 2360 mea
1418 2296 1663 2360 minime
1729 2301 2043 2375 delectent,
2108 2301 2259 2362 alios

148 2408 204 2447 20
229 2389 503 2449 fastidire
567 2409 688 2450 non
751 2389 1039 2450 dubitem.
1130 2389 1357 2448 Verum
1421 2389 1556 2466 qui·
1590 2390 1846 2471 vetustis
1909 2391 2261 2465 novitatem,

228 2478 401 2539 novis
474 2479 925 2560 auctoritatem,
997 2479 1279 2540 obsoletis
1326 2479 1636 2553 nitorem,
1673 2494 1677 2498 ⁴
1710 2477 1977 2539 obscuris
2046 2479 2262 2556 lucem,

226 2567 518 2628 fastiditis
562 2568 829 2646 gratiam
859 2568 1002 2628 dare
1040 2567 1368 2644 consuevit,
1412 2560 1780 2645 ignorationi
1818 2587 2056 2645 quoque
2093 2584 2259 2648 111333

228 2657 455 2733 poterit
488 2657 819 2736 indulgere.
912 2657 979 2717 Si
1010 2657 1150 2739 *quis
1187 2657 1478 2716 virtutem
1517 2657 1872 2716 felicitatem
1910 2675 1980 2716 ac
2027 2660 2261 2737 sapien-

227 2747 381 2806 tiam
442 2746 743 2823 pontificis
806 2746 990 2826 digna
1053 2746 1496 2806 existimatione
1557 2745 1926 2822 pensaverit,
1989 2747 2260 2823 profecto

150 2852 203 2893 2⁵
230 2835 457 2895 nullius
522 2835 906 2912 antiquitatis
969 2836 1318 2895 memoriam
1374 2829 1497 2895 sibi
1551 2834 1845 2895 fatebitur
1907 2838 2260 2913 comparari.

231 2922 378 2994 Quis
424 2925 584 2983 enim
628 2944 748 2985 non
792 2924 1047 2985 miretur
1099 2925 1486 2984 sanctitatem
1537 2916 1916 2984 clementiam
1959 2924 2261 2985 iustitiam

229 3014 522 3091 pietatem
585 3032 655 3073 ac
712 3014 929 3074 mentis
990 3013 1484 3099 magnitudinem,
1533 3032 1685 3090 quae
1735 3017 1912 3073 tanta
1967 3017 2126 3092 sunt,
2189 3018 2262 3074 ut
2290 3031 2302 3038 ·’

230 3121 411 3179 quam
456 3092 651 3162 multa
695 3102 824 3162 fieri
869 3122 990 3163 non
1033 3120 1205 3180 posse
1250 3102 1604 3180 priusquam
1664 3101 1787 3162 sint
1840 3102 2003 3162 facta
2057 3093 2259 3164 creda-

227 3210 380 3251 mus.
473 3193 566 3251 Tu
610 3191 803 3271 igitur
844 3207 1008 3252 meas
1053 3192 1315 3268 ineptias
1361 3192 1556 3278 legere
1601 3209 1724 3252 non
1770 3193 2038 3271 graveris
2078 3195 2259 3301 atque

145 3298 202 3339 so
231 3300 304 3340 ea
346 3284 565 3355 mente,
610 3284 701 3340 ut
728 3284 789 3339 te
835 3283 1013 3358 plane
1059 3281 1272 3359 legisse
1319 3274 1676 3365 intelligam.
1768 3281 1938 3341 Vale.
2048 3297 2052 3303 ·

226 3385 301 3392 ...-

371 3431 505 3488 Cod.
542 3438 665 3488 826·
703 3433 828 3502 (Μ3.
864 3448 979 3488 var.
1016 3437 1144 3502 411)
1172 3432 1565 3488 bibliothecae
1613 3434 1999 3488 uni-versitatis
2038 3433 2260 3489 Rheno»-
2290 3452 2306 3482 «;

225 3503 597 3559 Traiectinae.
674 3503 918 3570 Qratius.
955 3523 1012 3575 p.
1049 3504 1166 3559 lu1‘1.
1202 3503 1309 3560 sal.
1336 3507 1354 3574 ΙΙ
1386 3510 1449 3559 11
1488 3504 1858 3574 iudicanturfl
1888 3511 1954 3560 18
1993 3504 2258 3569 habunde

332 3729 556 3770 Horatius
585 3729 819 3770 Romanus
846 3729 917 3770 ed.
946 3730 983 3769 L
995 3741 1018 3770 e
1029 3731 1060 3770 h
1071 3742 1101 3771 n
1113 3741 1137 3771 3
1148 3740 1171 3769 1
1182 3731 1211 3770 d
1221 3733 1253 3770 t.
1719 3711 1726 3717 ⁶
1800 3726 1825 3773 1
