2650 3925
1134 177 1503 235 PORCARIA

218 352 275 393 so
300 330 587 390 Dicebam
632 331 865 389 infelix:
910 331 1028 390 Per
1070 335 1131 390 te
1177 332 1261 389 mi
1307 333 1448 390 nate
1493 350 1806 408 meamque

305 418 600 479 Canitiem
646 421 926 495 obtestor,
971 422 1204 479 nostros
1251 420 1462 480 orbare
1507 423 1755 496 penates

299 510 391 567 Ne
437 527 736 585 properes,
782 510 996 569 animis
1041 509 1166 568 iam
1209 509 1381 569 frena
1427 509 1755 571 calentibus
1802 509 1969 569 adde.

303 597 370 657 Si
412 600 474 658 te
519 617 694 658 verus
741 618 926 676 amor,
970 598 1166 675 pietas
1213 601 1268 659 si
1311 618 1456 658 vera
1500 601 1749 675 teneret,

298 687 437 746 Non
480 689 741 763 patriam
787 688 1019 747 insidiis
1053 687 1272 748 divum
1316 705 1426 746 nec
1470 688 1680 746 fraude
1725 689 2035 764 parentem
2160 736 2164 740 .

216 796 272 838 86
305 775 607 852 Captares.
697 776 908 836 Patres
955 776 1194 836 abolere
1239 776 1303 851 in
1349 794 1496 852 pace
1541 780 1810 853 repostos
1898 828 1901 831 ,

302 864 457 935 Quid
502 867 621 925 nisi
665 867 838 925 triste
882 864 1156 924 malum?
1196 866 1393 925 Nimis
1441 885 1475 925 ο
1522 867 1651 924 fera
1697 867 1894 943 gloria
1937 869 2121 944 regno
2204 872 2236 939 f

298 954 748 1030 Ventosumque
795 955 971 1015 decus
1016 955 1313 1014 tumidum
1358 958 1420 1014 te
1445 956 1737 1037 ‘insistere
1781 957 1988 1015 suasit.

299 1043 492 1113 Quam
537 1043 750 1104 melius
795 1045 1014 1103 teneris
1064 1045 1326 1103 animam
1371 1043 1676 1122 vagitibus
1724 1044 1871 1104 olim

299 1131 618 1193 Inclusisse
663 1133 793 1207 tibi,
841 1134 1077 1193 sceleris
1124 1133 1275 1192 dum*
1311 1135 1511 1193 nescia
1553 1134 1713 1192 tanti

214 1242 270 1282 90
296 1221 465 1281 Mens
511 1221 630 1281 fuit
676 1224 856 1298 atque
902 1226 1067 1282 aetas
1113 1225 1353 1298 poterat
1396 1222 1680 1281 minuisse
1726 1222 1960 1282 dolores

295 1311 579 1370 Nondum
622 1312 755 1370 luce
802 1330 1014 1389 graves
1060 1314 1122 1370 et
1167 1311 1625 1387 pubescentibus
1672 1313 1871 1370 annis!

294 1399 427 1458 Iam
471 1400 594 1458 iam
638 1403 816 1475 parta
863 1402 1033 1476 quies
1077 1401 1318 1476 populis
1354 1403 1427 1459 vet
1471 1400 1679 1460 funere
1724 1419 1867 1460 vera

294 1487 569 1549 Libertas
614 1491 844 1549 sancita
886 1492 993 1549 tuo
1042 1491 1156 1566 est3
1204 1489 1396 1549 scelus
1442 1509 1615 1549 omne
1659 1492 1904 1549 recessit

294 1578 377 1636 Et
419 1578 602 1638 furor.
691 1579 849 1637 Huic
892 1580 1132 1638 t‘antum
1177 1581 1430 1654 miserae
1474 1579 1718 1637 fortuna
1763 1579 2045 1655 superbit.
2107 1583 2111 1588 '

211 1686 266 1728 96
296 1666 452 1736 Quid
497 1665 734 1728 moror?
781 1668 957 1727 amisi
1002 1669 1236 1727 natum!
1282 1668 1446 1727 Num
1490 1671 1727 1744 tempus
1774 1668 2000 1728 acerbis

293 1756 424 1815 Iam
467 1757 694 1832 poterit
735 1759 939 1818 tantos
985 1756 1246 1817 lacrimis
1290 1756 1480 1817 lenire
1526 1757 1761 1817 dolores

291 1845 435 1905 Plus
482 1845 633 1904 mihi
675 1849 866 1906 morte
912 1865 1121 1924 graves
1134 1845 1164 1904 Ῥ
1211 1847 1514 1922 Totosque
1559 1848 1624 1905 in
1668 1847 1931 1906 luctibus
1976 1865 2164 1906 annos

292 1934 511 2013 Exiget
554 1936 767 1995 infelix
811 1938 983 1997 annis
1030 1936 1365 2015 glomerata
1411 1938 1696 1996 senectus
1754 1957 1757 1959 ’

294 2021 343 2084 Ο
393 2024 480 2083 dii
523 2027 576 2085 si
620 2029 886 2085 vestrum
932 2029 1023 2084 est
1066 2025 1339 2085 misereri
1383 2028 1443 2085 et
1489 2045 1732 2101 parcere
1778 2027 1955 2085 victis

182 2132 265 2174 100
292 2113 419 2172 Aut
464 2115 516 2173 si
564 2134 681 2189 qua
728 2118 818 2173 est
862 2115 1056 2190 pietas
1102 2134 1360 2190 usquam
1404 2114 1774 2189 mortalibus,
1821 2133 1998 2175 auras

291 2202 568 2262 Aetheris
613 2202 837 2263 invisas
882 2206 1241 2279 tenuemque
1285 2204 1575 2263 includite
1621 2205 1831 2280 lucem,
2076 2209 2079 2214 '

290 2291 488 2370 Figite
536 2294 640 2367 qui
683 2293 880 2351 valuit
925 2295 1125 2353 tantos
1171 2293 1473 2369 peperisse
1518 2294 1749 2354 furores

288 2380 598 2440 Infelicem
642 2384 882 2440 uterum
925 2383 1219 2458 iustisque
1265 2384 1493 2443 exurite
1538 2382 1811 2454 flammiS‚

288 2469 452 2529 Dum
496 2469 668 2530 dolor
712 2475 998 2547 exuperat
1042 2472 1199 2530 vires
1247 2474 1308 2531 et
1353 2471 1582 2530 lumina
1628 2471 1788 2531 vitae

179 2578 261 2619 105
292 2555 553 2618 Obruere
599 2560 842 2619 affectat
886 2562 1093 2639 nigrae
1139 2578 1272 2636 spes
1319 2560 1496 2619 anxia
1540 2562 1767 2620 mortis.
1815 2592 1903 2601 —
2020 2584 2023 2586 ’

288 2646 529 2707 Desinit
571 2650 638 2708 in
683 2649 980 2723 lacrimaS,
1024 2650 1244 2708 iterum
1288 2650 1515 2709 furiata
1560 2650 1775 2709 seniles

291 2735 594 2815 Sanguine
639 2739 909 2814 'perfusos
954 2738 1156 2797 vultus
1203 2739 1475 2799 laniabat
1519 2740 1728 2797 acutis-

286 2825 602 2904 Unguibus
649 2830 712 2887 et
754 2830 949 2886 terrae
993 2827 1253 2887 frontem
1298 2846 1583 2887 concussa
1627 2828 1939 2886 recumbit.

375 2917 501 2976 Nec
545 2918 742 2976 minus
787 2916 1081 2977 horrendo
1127 2916 1364 2976 diversa
1407 2917 1472 2975 in
1515 2922 1688 2992 parte
1732 2917 2000 2976 tumultu
2112 2966 2116 2970 .
2223 2918 2231 2971 ζ

178 3024 259 3066 110
286 3004 615 3065 Miscentur
658 3024 888 3081 manes3
933 3006 1178 3082 rapiunt
1223 3008 1409 3084 genus
1457 2999 1686 3084 [omne]
1733 3005 2004 3065 furorum
2129 3030 2136 3035 ·

2244 180 2331 245 23

286 3095 648 3154 Eumenides
692 3097 1054 3170 rapiuntque
1099 3093 1297 3155 virum
1343 3095 1702 3170 feriuntque*
1727 3097 2056 3171 ruuntque,
2133 3145 2136 3148 .
2238 3149 2241 3152 ,
2275 3132 2280 3139 ·

285 3183 534 3243 Viscera
578 3184 941 3244 collacerant
987 3187 1046 3242 et
1093 3182 1340 3244 aduncis
1386 3183 1688 3261 unguibus
1735 3202 1904 3243 acres
1945 3234 1948 3237 .
2026 3240 2029 3243 Α

284 3272 612 3333 Vulnificos
656 3275 881 3348 raptim
926 3275 1201 3333 exercent
1243 3293 1353 3349 per
1396 3274 1660 3332 membra
1704 3272 1956 3333 labores.

283 3362 455 3421 Unde
501 3362 679 3422 duces
724 3362 881 3421 bello
929 3363 1093 3436 clari,
1141 3362 1245 3438 qui
1287 3365 1561 3439 proxima
1606 3365 1851 3422 servant

429 3557 532 3606 110
570 3550 730 3607 deest
764 3566 920 3605 omne
