2650 3925
1085 145 1454 206 PORCARIA

260 304 526 379 Exposui
568 304 732 378 fatis,
777 323 888 382 ego
935 307 995 363 te
1040 302 1370 361 furibunda
1414 303 1582 380 coegi
1631 315 1636 318 ⁴
1733 313 1741 320 ·

263 392 600 453 Occuluisse
646 394 814 453 nefas
858 391 1132 470 precibus
1177 392 1561 467 lacrimisque
1606 389 1825 462 reflexi,

189 502 237 543 τε
265 482 452 559 Saepe
496 482 694 557 mini8‚
739 483 987 542 fratrem
1033 484 1096 541 et
1140 482 1376 540 facinus
1419 500 1495 540 ne
1539 480 1790 556 prodere
1836 480 2037 538 velles.

261 571 400 632 Plus
444 570 774 648 Eryphilea
817 573 998 631 nocui
1041 570 1364 630 temeraria
1406 569 1632 629 fraude.

260 660 534 737 Imperiis
579 660 819 719 inhians
864 660 1150 720 excellere
1197 659 1458 719 cultibus
1503 658 1612 718 illa

261 750 468 808 Traxit
510 749 897 827 Apollineum
941 748 1288 808 latitantem
1331 748 1396 806 in
1442 749 1672 806 lumina
1719 750 1934 806 vatem.

259 839 390 898 Hoc
434 839 641 899 efferre
686 838 854 899 nefas
901 857 1074 899 casus
1120 838 1335 916 ignara
1378 839 1569 897 futuri

181 949 234 990 so
261 929 344 987 Te
388 927 559 988 vetui
603 929 858 987 coniunx
904 928 1252 1002 maioraque
1294 927 1524 985 viribus
1571 944 1719 985 ausa

265 1017 515 1093 Speravi
559 1017 758 1076 titulis
805 1036 1006 1077 omnes
1052 1019 1282 1076 anteire
1330 1016 1592 1075 Latinas.

261 1105 582 1166 Successus
625 1125 762 1165 reor
805 1105 1015 1180 oblati,
1061 1123 1210 1181 quos
1255 1104 1562 1182 improbus
1606 1107 1799 1181 urget,

258 1195 630 1255 Paenituisse
677 1195 845 1255 deos:
888 1214 1030 1254 nam
1075 1194 1127 1253 si
1173 1194 1335 1252 mala
1381 1192 1579 1252 sidera
1622 1192 1833 1268 culpae

257 1285 559 1345 Inclinant
604 1286 854 1358 animos,
898 1284 1096 1343 fuerat
1139 1282 1453 1342 tolerabile
1499 1282 1743 1340 factum.

177 1393 232 1435 85
261 1371 311 1433 Ο
358 1376 499 1433 nate
544 1373 774 1448 infelix,
820 1392 938 1449 qua
984 1376 1045 1432 te
1090 1371 1201 1431 sub
1246 1374 1420 1431 nocte
1465 1371 1740 1428 futurum

257 1464 461 1522 Exitio
506 1465 742 1539 patriae
789 1462 1051 1537 concepi,
1095 1461 1384 1520 exhausta
1419 1460 1693 1535 'fuissem‚

257 1552 419 1610 Dum
462 1551 640 1610 furiis
684 1555 920 1610 uterum
965 1549 1215 1610 Veneris
1261 1552 1537 1608 saturata
1581 1549 1837 1624 replevi!

257 1641 614 1717 hportuna
658 1639 834 1699 thoro
879 1657 1015 1698 cum
1057 1639 1318 1715 primum
1365 1640 1537 1698 enixa
1583 1637 1792 1715 iugali,

259 1728 635 1805 Thesiphone
681 1730 929 1789 ostetrix
973 1731 1185 1805 partus
1233 1731 1294 1787 et
1340 1728 1583 1786 alumna
1628 1727 1882 1804 maligni

175 1839 232 1878 so
258 1817 479 1877 Affuit:
521 1818 631 1877 illa
676 1837 783 1877 suo
829 1818 1112 1895 produxit
1155 1817 1411 1895 pignora
1456 1819 1613 1875 voto.

260 1908 428 1968 Tune
474 1909 660 1968 etiam
704 1909 926 1968 teneris
970 1909 1212 1967 tantum
1257 1906 1449 1966 scelus
1495 1923 1677 1966 ausus
1725 1905 1800 1964 ab
1848 1900 2065 1965 annis?

259 1997 448 2068 Quem
491 2000 657 2075 patri
701 1999 978 2057 comitem
1022 1996 1238 2056 misero
1285 1995 1454 2056 dedit
1496 1998 1691 2054 exitus
1735 1995 1914 2069 idem,

256 2087 398 2147 Non
442 2089 616 2163 potui
660 2086 924 2145 medium
967 2087 1164 2163 prima
1210 2088 1271 2144 te
1319 2085 1539 2144 elidere
1582 2087 1712 2144 vita

256 2176 601 2237 Visceribus
645 2177 841 2252 ruptis
886 2176 984 2235 vel
1029 2174 1352 2234 abhortum
1398 2173 1698 2233 effundere
1743 2173 2026 2249 partum?

174 2286 231 2326 es
259 2266 358 2324 Ah
403 2266 620 2325 saltem
664 2268 904 2342 poteras
950 2264 1169 2343 dignus
1212 2264 1439 2341 pietate
1484 2262 1695 2336 videri,

257 2354 342 2412 Ni
383 2357 678 2415 tentasset
722 2358 891 2414 atrox
936 2354 1273 2413 Romanum
1316 2352 1540 2411 iniuria
1584 2357 1837 2428 patrem.

258 2441 390 2501 Imo
437 2461 547 2520 ego
593 2462 714 2502 non
760 2444 954 2503 ausim
997 2444 1160 2501 tanti
1203 2442 1504 2501 consortia
1549 2442 1657 2500 leti

257 2532 577 2608 Rumpere,
620 2549 728 2590 vos
773 2533 975 2607 potius
1022 2549 1219 2591 comes
1265 2534 1577 2606 expectata
1622 2550 1731 2607 per
1773 2531 2014 2589 umbras

257 2620 567 2696 Insequar.
661 2618 711 2679 Ο
758 2621 1009 2679 miserae
1052 2622 1256 2679 tantos
1302 2619 1540 2679 abolere
1586 2619 1819 2679 dolores

144 2730 230 2771 10⁰
256 2709 356 2768 Da
400 2709 550 2769 mihi
594 2711 787 2768 morte
829 2711 1006 2785 pater
1048 2708 1225 2768 simul
1273 2714 1335 2768 et
1379 2711 1745 2785 requiescere
1789 2712 1854 2767 in
1900 2709 2076 2768 urna!

258 2797 419 2868 Quin
464 2800 602 2859 vive
647 2802 717 2858 ut
762 2799 979 2857 merita
1025 2816 1087 2857 es
1131 2798 1445 2858 tenebrosa
1489 2799 1554 2856 in
1597 2801 1870 2875 tempora
1916 2800 2118 2873 luctu,·

260 2887 357 2946 Sit
400 2887 517 2947 tibi
560 2889 690 2948 vita
735 2906 932 2964 super,
979 2887 1176 2963 qualis
1222 2886 1488 2964 Penteya
1533 2890 1742 2962 mater,

260 2977 412 3037 Cum
457 2980 643 3053 caput
688 2978 984 3050 avulsum,
1030 2987 1175 3035 cum'
1209 2976 1456 3035 brachia
1501 2978 1721 3035 trunca.
1760 2976 1989 3036 videret

259 3065 685 3144 Sanguineque
731 3083 1002 3142 aspersos
1046 3067 1181 3125 nati
1223 3065 1547 3125 crudeliter
1592 3068 1777 3138 artua,

144 3175 229 3216 105
259 3156 387 3214 Aut
428 3155 552 3215 ubi·
581 3174 716 3216 cum
760 3155 1011 3233 pelagus
1054 3155 1308 3214 volitare
1358 3154 1436 3213 ad
1481 3154 1690 3213 littora
1733 3172 1956 3230 corpus

257 3244 635 3321 Prospiceret
680 3243 944 3305 Polidori
993 3245 1372 3320 animamque
1418 3243 1686 3302 hauriret
1731 3246 1794 3303 in
1839 3244 2016 3302 undis
2065 3280 2072 3286 -
2148 3280 2154 3286 -

511 3452 899 3520 amphiaraum
1437 3467 1613 3520 ayaue
1819 3449 2008 3517 pentei

405 3527 474 3576 ‘18
510 3525 696 3576 vatem
925 3524 1042 3590 193
1079 3520 1211 3574 Nun
1228 3523 1261 3590 ‘fl
1288 3526 1390 3574 102
1428 3526 1608 3575 mater
1634 3524 1654 3589 ΙΙ
1687 3526 1785 3574 104
1821 3520 1952 3574 nati-
