2650 3925
401 212 484 273 14
1372 212 1425 266 11

394 361 568 420 Nunc
612 380 708 420 me
755 362 1069 421 sublimem
1115 364 1376 422 volitant
1418 382 1526 438 per
1569 364 1775 422 inania
1819 365 1985 422 venti
2046 383 2051 387 ·

393 449 475 508 Et
521 469 687 509 soror
732 451 810 509 ad
857 469 1099 533 superos
1143 452 1466 512 lacrimans
1510 451 1660 510 mihi
1702 452 1884 511 funus
1931 452 2189 513 acerbat.

286 560 366 599 320
485 536 753 615 Occupat
796 540 956 599 hunc
1002 542 1186 599 etiam
1230 540 1404 600 velox
1453 538 1756 601 Cathilina
1799 542 2178 617 loquentem,·

394 626 509 697 Qui
552 629 763 704 procul
809 628 1051 688 astabat
1092 629 1304 693 mediis
1352 631 1603 689 annixus
1648 631 1714 688 in
1756 630 1933 690 hasta

397 715 705 794 Ooetibust,
748 719 906 777 hunc
948 719 1143 778 laetus
1189 737 1316 778 sese
1363 738 1641 794 superare
1685 720 1913 777 fatetur

396 805 676 866 Cominus
722 826 849 867 ora·
873 809 1069 871 ferens
1117 808 1423 884 equitique
1467 807 1716 868 illudere
1762 808 2010 886 gaudet:

393 894 524 965 Qua
569 896 818 973 dignum
863 900 924 955 te
970 897 1145 962 laude
1190 894 1422 956 feram?
1467 895 1565 955 Da
1607 900 1854 974 tangere
1900 897 2187 971 dextram,

284 1006 363 1046 825
393 984 509 1055 Qui
552 985 815 1061 patriam
861 989 922 1046 et
965 988 1202 1045 sanctos
1248 1004 1429 1045 ausus
1473 985 1700 1045 violare
1745 989 2008 1061 penates.

395 1074 487 1134 Tu
535 1094 771 1151 quoque
817 1075 990 1141 fortis
1038 1074 1231 1134 adhuc
1278 1093 1408 1135 sero
1455 1074 1599 1134 licet
1644 1075 1849 1134 ordine
1895 1076 2119 1150 famam

390 1163 695 1222 Illustrem
738 1164 1022 1223 meruisse
1067 1168 1265 1239 potes:
1310 1164 1460 1223 mihi
1506 1163 1761 1240 denique
1807 1165 2109 1239 quondam

391 1252 634 1312 Effulsit
678 1252 860 1313 dubio
906 1253 1121 1312 similis
1167 1254 1415 1313 fortuna
1461 1252 1572 1312 sub
1616 1254 1759 1312 ictu.

391 1341 476 1400 At
520 1339 739 1401 Caesar
782 1343 928 1401 totis
971 1343 1215 1402 fortuna
1260 1345 1352 1403 est
1395 1341 1621 1401 viribus
1667 1360 1814 1401 usus

283 1453 362 1499 330
393 1424 797 1507 Successuque
842 1451 1005 1492 meos
1051 1450 1232 1491 ausus
1275 1431 1523 1491 meliore
1568 1434 1874 1507 sequutus.

389 1520 818 1596 Magnfloquax
863 1521 1052 1595 mileS‚
1097 1521 1312 1580 merito
1359 1539 1546 1598 genus
1593 1539 1766 1579 omne
1810 1521 2078 1579 furorum

388 1609 461 1666 In
506 1612 567 1667 te
611 1610 768 1668 ferre
812 1611 972 1683 licet,
1017 1610 1256 1686 quando
1300 1610 1560 1668 furiatus
1605 1610 1670 1667 in
1716 1609 1874 1682 orbe,

393 1697 538 1756 Cum
584 1700 844 1774 patriam
890 1700 1157 1773 offendis,
1202 1699 1464 1758 medium
1509 1702 1571 1757 te
1618 1698 1869 1773 dissipet
1914 1701 2057 1757 axis,

387 1787 520 1845 Iam
564 1790 758 1865 magis
805 1806 984 1847 ausus
1030 1806 1160 1849 eras
1209 1820 1292 1834 —-
1341 1786 1534 1846 maior
1579 1786 1694 1846 tibi
1738 1788 1959 1865 gloria:
2004 1790 2200 1847 maius

281 1899 359 1940 335
391 1876 762 1951 Supplicium
809 1881 1107 1952 expectes:
1153 1895 1358 1936 omnes
1405 1876 1784 1935 cumulentur
1827 1878 1893 1934 in
1937 1897 2121 1936 unum

389 1966 759 2026 Eumenides.
851 1965 1057 2026 Liceat
1100 1966 1272 2026 nobis
1316 1966 1706 2043 requiescere,
1752 1965 1989 2042 quando

389 2053 800 2115 Concomitata
843 2056 961 2115 tibi
1002 2056 1294 2116 scelerum
1339 2058 1641 2116 tormenta
1684 2056 1920 2133 fatiges,

387 2144 623 2203 Interea
669 2144 892 2221 Tytion
935 2145 1165 2207 laniare
1211 2145 1273 2203 in
1319 2146 1551 2207 viscera
1593 2145 1799 2204 vultur

386 2234 469 2292 Et
511 2236 753 2309 raptare
797 2253 1010 2294 novem
1056 2238 1245 2303 cesset
1288 2253 1396 2310 per
1438 2236 1648 2311 iugera
1693 2252 1924 2309 corpus.

280 2345 359 2384 340
388 2323 676 2382 Tantalus
724 2322 800 2382 ad
847 2327 1054 2382 votum
1099 2324 1397 2402 fugientes
1442 2323 1689 2381 hauriat
1731 2321 1943 2398 undas,

389 2411 686 2488 Sysiphon
733 2415 868 2472 atra
914 2413 1080 2486 silex,
1125 2413 1339 2472 Ixiona
1383 2411 1550 2470 nulla
1594 2411 1856 2489 fatigent

388 2498 697 2576 Supplicia
743 2505 804 2560 et
849 2506 1047 2562 sontes
1093 2500 1384 2579 Lapithas
1432 2519 1540 2560 sua
1584 2519 1779 2576 poena
1821 2501 2066 2559 relaxet.

387 2588 536 2648 Cum
580 2593 801 2650 totiens
849 2592 1080 2666 superis
1128 2594 1190 2650 et
1233 2609 1393 2650 vana
1438 2594 1499 2649 et
1541 2589 1683 2649 ficta
1726 2591 2029 2665 loquutus,

385 2678 566 2738 Falsa
610 2680 958 2738 minutatim
1004 2682 1197 2740 saevis
1242 2679 1530 2739 lanianda
1574 2678 1842 2752 colubris,

278 2791 354 2830 345
383 2767 619 2846 Lingua
665 2768 836 2828 dabit
877 2788 1120 2845 poenas,
1167 2787 1345 2828 ausus
1390 2768 1619 2828 violare
1664 2771 1974 2844 parentem

384 2857 680 2934 Diripiere
728 2858 854 2917 solo
899 2858 1160 2934 lorisque
1204 2857 1580 2917 trahentibus
1628 2860 1793 2916 artus

382 2947 454 3005 In
503 2946 741 3006 diversa
787 2949 942 3012 citae
986 2950 1231 3024 raptent
1274 2949 1382 3006 tua
1426 2946 1693 3006 membra
1739 2945 2084 3023 quadrigae,

382 3036 683 3096 Incestare
732 3053 966 3096 sacrum
1009 3037 1190 3114 longo
1238 3035 1604 3095 execraberis
1651 3054 1817 3110 aevu,

383 3125 705 3184 Pulvereus
750 3125 976 3202 rapidis
1021 3125 1340 3184 iactaberis
1385 3125 1648 3200 undique
1694 3126 1904 3183 ventis.

276 3238 356 3276 350
474 3215 629 3299 Tum
676 3213 824 3281 Cato
868 3217 1077 3291 pectus
1125 3214 1317 3274 adhuc
1361 3214 1638 3290 perfusus
1685 3216 1972 3292 sanguine
2019 3213 2209 3272 fatur:

382 3304 521 3362 Iure
567 3304 828 3371 verende
867 3304 1099 3406 lli-yma
1145 3304 1196 3364 si
1243 3322 1364 3380 qua
1410 3306 1502 3363 est
1544 3302 1660 3362 tibi
1704 3320 1847 3362 cura
1894 3301 2207 3376 Catonum,

381 3394 514 3453 Hoc
557 3393 826 3454 intende:
873 3395 1071 3455 virum
1119 3412 1234 3469 quo
1280 3411 1399 3452 non
1444 3393 1770 3453 iactantior
1815 3392 1968 3450 alter

528 3587 622 3629 341
668 3581 855 3648 fazione,
876 3584 896 3650 ΙΙ
923 3587 1027 3637 342
1064 3581 1316 3650 laphitas
