2650 3925
1067 204 1437 260 PORCARIA

255 357 560 417 Romuleos
605 358 824 415 iterum
867 356 1159 417 formidat
1198 355 1392 418 curia.
1413 358 1640 432 raptus·
1684 412 1689 418 .

210 467 231 507 5
256 448 336 505 Tu
378 449 549 523 potes
595 445 859 506 obscuris
904 446 1201 524 fulgorem
1247 448 1309 506 et
1352 445 1585 503 lumina
1631 445 1822 504 coecis

253 536 611 611 Incertisque
655 535 851 609 fidem,
894 535 1126 596 levibus
1172 535 1316 594 dare
1360 534 1629 610 pondera
1647 567 1654 577 ι
1669 534 1866 607 rebuS,

254 626 337 682 Tu
381 644 517 684 mea
558 624 733 684 Musa
776 627 952 701 pater
995 626 1189 685 virtus
1233 622 1416 682 mihi
1411 641 1671 683 numen
1695 625 1757 686 et
1802 633 1951 681 aura

251 714 591 792 Ingeniique
638 714 818 788 calor,
861 717 1066 776 nostro
1112 715 1220 790 qui
1263 715 1533 789 tempore
1576 713 1738 772 solus

251 803 497 862 Vatibus
545 804 837 862 extinctas
882 803 1113 866 refoves
1156 804 1225 865 in
1270 801 1538 862 carmina
1580 802 1756 862 vires.

178 915 226 954 10
249 893 405 952 Haec
448 892 599 951 mihi
643 893 747 952 vix
790 892 1051 968 primum
1096 894 1276 952 series
1321 891 1597 968 pervenit
1640 889 1718 949 ad
1765 907 1968 953 aures..
2015 931 2020 942 1

331 981 415 1040 Vt
459 981 675 1058 laqueo
722 981 965 1044 affectos
1010 981 1203 1041 vitam
1246 981 1432 1040 finire
1462 982 1751 1042 maritum

251 1069 604 1130 Germanum
650 1088 817 1129 soror
861 1073 923 1130 et
965 1072 1179 1131 natum
1222 1073 1597 1145 mortemque
1641 1067 1963 1130 nefandam

248 1159 456 1219 Audiit
501 1163 687 1235 atque
728 1160 920 1220 omnis
966 1160 1182 1220 cecidit
1224 1158 1446 1222 fiducia
1487 1160 1692 1234 vitae,
1799 1189 1804 1192 ·
1837 1197 1841 1203 -
1874 1192 1877 1195 ⁴

247 1249 496 1308 Inclusit
539 1250 819 1310 lacrimas
866 1250 1052 1309 oculis
1099 1251 1162 1314 et
1205 1267 1451 1324 corpore
1496 1250 1657 1308 toto·
1805 1283 1808 1286 -

173 1358 220 1399 15
249 1338 569 1413 Sternitu13
617 1356 917 1415 exangues
962 1340 1063 1400 vix
1108 1337 1356 1414 spiritus
1402 1339 1566 1396 errat
1606 1339 1673 1395 in
1718 1339 1905 1400 artus.

246 1427 361 1486 Illa
406 1427 574 1490 velut
618 1427 901 1505 gelidum«
928 1445 1207 1502 suprema
1246 1428 1315 1484 in
1360 1425 1540 1490 busta
1584 1425 1841 1488 cadaver

247 1516 511 1576 Membra
554 1519 720 1576 tenet
764 1516 1049 1591 resupina
1094 1516 1221 1576 solo
1267 1516 1595 1592 pulvisque.
1632 1535 1742 1592 per
1785 1532 1891 1572 ora

248 1605 566 1683 Spargitur
609 1606 792 1681 inque
835 1604 1111 1669 humeros
1156 1604 1278 1664 fusi
1321 1605 1587 1668 cecidere
1632 1603 1854 1680 capilli.

246 1693 437 1764 Quam
484 1693 733 1753 simulac
775 1693 1045 1769 trepidae
1090 1693 1294 1754 videre
1338 1713 1448 1771 per
1493 1695 1658 1755 atria
1693 1696 1892 1764 natae,

167 1802 219 1841 20
243 1783 535 1842 Actutum
581 1786 916 1858 accurrunt,
961 1783 1227 1843 alternae
1246 1843 1251 1846 ,
1272 1785 1339 1842 in
1382 1783 1630 1843 brachia
1673 1785 1929 1842 matrem

245 1871 593 1948 Suscipiunt
634 1875 992 1948 tenuemque
1037 1873 1303 1933 animam
1349 1892 1458 1949 per
1501 1876 1712 1934 mutua
1757 1871 2056 1947 quaerunt

244 1959 480 2036 Oscula,
524 1967 594 2022 ut
639 1965 937 2022 extremae
981 1963 1224 2025 valeant
1269 1981 1608 2025 succurrere
1635 1962 1793 2023 luci.

240 2051 327 2111 Ut
371 2051 587 2129 gelidis
633 2051 790 2111 vires
834 2051 1115 2114 membris
1162 2056 1224 2111 et
1269 2052 1590 2115 anhelitus
1611 2054 1706 2112 ori

240 2140 534 2202 Redditus
582 2144 765 2217 atque
811 2141 999 2200 oculis
1045 2142 1147 2200 lux
1190 2142 1478 2203 intercisa
1521 2141 1776 2214 refulsit,
1868 2183 1871 2185 Α

158 2249 212 2289 25
238 2232 497 2306 Aspexit
541 2232 773 2293 coelum
817 2230 1100 2306 rupitque
1145 2229 1212 2289 in
1256 2230 1442 2290 verba
1483 2229 1784 2292 dolorem:

238 2319 379 2377 Heu
421 2319 673 2378 nimium
716 2319 926 2378 infelix
972 2319 1232 2398 genitrix
1279 2321 1341 2379 et
1384 2324 1587 2395 nupta..⁴
1618 2336 1926 2394 sororque,

241 2406 440 2476 Quam
485 2407 721 2467 crudele
766 2412 941 2470 tuens
986 2411 1202 2470 natum
1246 2409 1614 2484 fratremque
1660 2410 1947 2467 maritum

242 2496 556 2572 Supplicio
603 2497 861 2559 afflictos
904 2497 1049 2557 fatis
1096 2496 1378 2558 cecidisse
1422 2498 1705 2559 sinistris·

240 2585 405 2655 Quos
452 2604 562 2662 ego
609 2604 766 2644 nunc
812 2589 1087 2664 gemituS‚
1135 2605 1291 2663 quae
1335 2588 1462 2647 iam
1504 2587 1772 2647 lamenta
1818 2584 2092 2646 dolendo·
2197 2614 2204 2620 =

150 2694 208 2733 so
240 2672 506 2733 Ordiar?
551 2693 705 2734 anne
750 2676 949 2735 virum
992 2677 1136 2735 nato
1182 2676 1506 2736 fratremne
1549 2676 1768 2735 marito
1836 2731 1839 2735 .

236 2764 595 2824 Anteferam
639 2761 947 2827 lacrimis?
992 2763 1196 2824 Pietas
1240 2764 1421 2824 simul
1465 2765 1685 2841 aspicit
1727 2782 1949 2840 omnes,

236 2852 537 2914 Omnibus
582 2871 736 2912 unus
785 2872 967 2912 amor.
1061 2854 1145 2912 Te
1191 2856 1271 2929 te,
1319 2855 1427 2930 qui
1472 2872 1668 2917 causa.-
1696 2854 2012 2928 malorum,

231 2943 475 3017 Frater,
521 2946 582 3001 et
626 2942 861 3021 ingenti
904 2961 1013 3003 nos
1056 2943 1424 3020 implicuisse
1468 2944 1705 3003 ruinae!

233 3031 380 3090 Heu
424 3031 675 3091 nimium
720 3031 835 3090 tibi
878 3031 1031 3092 fidus
1078 3051 1210 3093 eras
1258 3065 1344 3074 -—
1392 3052 1546 3109 quae
1591 3033 1726 3093 dira
1768 3030 1956 3093 libido

142 3139 201 3180 35
235 3120 466 3190 Quisve
512 3123 779 3180 animum
824 3122 970 3182 deus
1015 3122 1081 3180 in
1123 3122 1359 3182 facinus
1404 3125 1782 3197 mentemque
1825 3119 2076 3181 resolvit
2135 3194 2140 3198 .

233 3209 649 3285 Militiamque
696 3213 923 3270 trucem
970 3214 1031 3270 et
1074 3213 1294 3273 vetitos
1340 3230 1579 3287 sperare
1622 3207 2001 3286 triumphos?
2127 3264 2132 3267 ,

234 3297 418 3368 Quod
466 3299 643 3359 decus
691 3302 799 3358 aut
845 3304 1138 3376 quantum
1175 3301 1415 3364 sceleris
1459 3300 1574 3359 tibi
1619 3300 1813 3379 gloria
1858 3298 2058 3359 laudis

230 3387 410 3447 Haec
453 3390 656 3464 potuit
702 3390 985 3461 conferre,
1029 3391 1174 3449 licet
1218 3390 1463 3448 fortuna
1508 3388 1702 3450 labori

390 3582 458 3630 22
497 3544 729 3631 ubscula
