<?xml version="1.0" encoding="UTF-8"?>
<!DOCTYPE html PUBLIC "-//W3C//DTD XHTML 1.0 Transitional//EN"
    "http://www.w3.org/TR/xhtml1/DTD/xhtml1-transitional.dtd">
<html xmlns="http://www.w3.org/1999/xhtml" xml:lang="en" lang="en">
 <head>
  <title>
</title>
<meta http-equiv="Content-Type" content="text/html;charset=utf-8" />
  <meta name='ocr-system' content='tesseract 3.04.00' />
  <meta name='ocr-capabilities' content='ocr_page ocr_carea ocr_par ocr_line ocrx_word'/>
</head>
<body>
  <div class='ocr_page' id='page_1' title='image "./hporcariaseudec00lehngoog_0093.png"; bbox 0 0 2650 3925; ppageno 0'>
   <div class='ocr_carea' id='block_1_1' title="bbox 544 205 2285 273">
    <p class='ocr_par' dir='ltr' id='par_1_1' title="bbox 544 205 2285 273">
     <span class='ocr_line' id='line_1_1' title="bbox 544 205 2285 273; baseline 0.001 -12"><span class='ocrx_word' id='word_1_1' title='bbox 544 208 643 262; x_wconf 84' lang='lat' dir='ltr'><strong>DE</strong></span> <span class='ocrx_word' id='word_1_2' title='bbox 682 205 1228 263; x_wconf 80' lang='lat' dir='ltr'>CONIVRATIONE</span> <span class='ocrx_word' id='word_1_3' title='bbox 1264 205 1633 261; x_wconf 82' lang='lat' dir='ltr'><strong>PORCARJA</strong></span> <span class='ocrx_word' id='word_1_4' title='bbox 1666 206 2031 263; x_wconf 82' lang='lat' dir='ltr'><strong>DIALOGVS</strong></span> <span class='ocrx_word' id='word_1_5' title='bbox 2206 208 2285 273; x_wconf 84' lang='lat'><strong>71</strong></span> 
     </span>
    </p>
   </div>
   <div class='ocr_carea' id='block_1_2' title="bbox 179 352 2300 2846">
    <p class='ocr_par' dir='ltr' id='par_1_2' title="bbox 179 352 2300 2846">
     <span class='ocr_line' id='line_1_2' title="bbox 261 352 2296 437; baseline -0 -18"><span class='ocrx_word' id='word_1_6' title='bbox 261 362 323 421; x_wconf 89' lang='lat' dir='ltr'><strong>et</strong></span> <span class='ocrx_word' id='word_1_7' title='bbox 391 362 642 437; x_wconf 87' lang='lat' dir='ltr'><strong>peccata</strong></span> <span class='ocrx_word' id='word_1_8' title='bbox 701 377 890 436; x_wconf 89' lang='lat' dir='ltr'><strong>usque</strong></span> <span class='ocrx_word' id='word_1_9' title='bbox 953 360 1032 418; x_wconf 97' lang='lat' dir='ltr'>ad</span> <span class='ocrx_word' id='word_1_10' title='bbox 1104 360 1296 419; x_wconf 91' lang='lat' dir='ltr'><strong>celum</strong></span> <span class='ocrx_word' id='word_1_11' title='bbox 1369 352 1625 434; x_wconf 86' lang='lat' dir='ltr'><strong>olerent,</strong></span> <span class='ocrx_word' id='word_1_12' title='bbox 1698 359 1842 418; x_wconf 88' lang='lat' dir='ltr'><strong>deus</strong></span> <span class='ocrx_word' id='word_1_13' title='bbox 1916 360 2296 435; x_wconf 84' lang='lat' dir='ltr'><strong>omnipotens</strong></span> 
     </span>
     <span class='ocr_line' id='line_1_3' title="bbox 263 448 2300 526; baseline -0.001 -18"><span class='ocrx_word' id='word_1_14' title='bbox 263 448 566 509; x_wconf 77' lang='lat' dir='ltr'><strong>Christum</strong></span> <span class='ocrx_word' id='word_1_15' title='bbox 627 448 820 508; x_wconf 89' lang='lat' dir='ltr'><strong>filium</strong></span> <span class='ocrx_word' id='word_1_16' title='bbox 880 468 1054 509; x_wconf 89' lang='lat' dir='ltr'><strong>suum</strong></span> <span class='ocrx_word' id='word_1_17' title='bbox 1106 450 1275 509; x_wconf 88' lang='lat' dir='ltr'><strong>misit</strong></span> <span class='ocrx_word' id='word_1_18' title='bbox 1316 449 1383 507; x_wconf 91' lang='lat' dir='ltr'><strong>in</strong></span> <span class='ocrx_word' id='word_1_19' title='bbox 1426 451 1651 508; x_wconf 88' lang='lat' dir='ltr'><strong>terram</strong></span> <span class='ocrx_word' id='word_1_20' title='bbox 1713 466 1917 524; x_wconf 88' lang='lat' dir='ltr'><strong>regem</strong></span> <span class='ocrx_word' id='word_1_21' title='bbox 1978 468 2187 526; x_wconf 80' lang='lat' dir='ltr'><strong>reg-um</strong></span> <span class='ocrx_word' id='word_1_22' title='bbox 2234 451 2300 507; x_wconf 90' lang='lat' dir='ltr'><strong>et</strong></span> 
     </span>
     <span class='ocr_line' id='line_1_4' title="bbox 261 537 2297 615; baseline -0 -17"><span class='ocrx_word' id='word_1_23' title='bbox 261 539 565 600; x_wconf 91' lang='lat' dir='ltr'><strong>dominum</strong></span> <span class='ocrx_word' id='word_1_24' title='bbox 628 537 863 613; x_wconf 88' lang='lat' dir='ltr'><strong>mundi,</strong></span> <span class='ocrx_word' id='word_1_25' title='bbox 916 540 988 597; x_wconf 90' lang='lat' dir='ltr'><strong>ut</strong></span> <span class='ocrx_word' id='word_1_26' title='bbox 1047 537 1423 597; x_wconf 87' lang='lat' dir='ltr'><strong>illuminaret</strong></span> <span class='ocrx_word' id='word_1_27' title='bbox 1476 540 1682 615; x_wconf 77' lang='lat' dir='ltr'><strong>gentes</strong></span> <span class='ocrx_word' id='word_1_28' title='bbox 1735 538 1800 595; x_wconf 89' lang='lat' dir='ltr'><strong>in</strong></span> <span class='ocrx_word' id='word_1_29' title='bbox 1845 539 1948 596; x_wconf 83' lang='lat' dir='ltr'><strong>via</strong></span> <span class='ocrx_word' id='word_1_30' title='bbox 2000 540 2297 613; x_wconf 80' lang='lat' dir='ltr'><strong>veritatiS‚</strong></span> 
     </span>
     <span class='ocr_line' id='line_1_5' title="bbox 261 626 2297 704; baseline 0 -17"><span class='ocrx_word' id='word_1_31' title='bbox 261 647 337 687; x_wconf 87' lang='lat' dir='ltr'><strong>ac</strong></span> <span class='ocrx_word' id='word_1_32' title='bbox 383 629 711 689; x_wconf 83' lang='lat' dir='ltr'><strong>successive</strong></span> <span class='ocrx_word' id='word_1_33' title='bbox 772 645 1001 687; x_wconf 77' lang='lat' dir='ltr'><strong>cessare</strong></span> <span class='ocrx_word' id='word_1_34' title='bbox 1054 628 1201 687; x_wconf 85' lang='lat' dir='ltr'><strong>fecit</strong></span> <span class='ocrx_word' id='word_1_35' title='bbox 1262 627 1597 686; x_wconf 89' lang='lat' dir='ltr'><strong>Romanam</strong></span> <span class='ocrx_word' id='word_1_36' title='bbox 1650 629 2010 704; x_wconf 87' lang='lat' dir='ltr'><strong>potestatem</strong></span> <span class='ocrx_word' id='word_1_37' title='bbox 2066 630 2127 687; x_wconf 92' lang='lat' dir='ltr'><strong>et</strong></span> <span class='ocrx_word' id='word_1_38' title='bbox 2193 626 2297 687; x_wconf 88' lang='lat' dir='ltr'>de-</span> 
     </span>
     <span class='ocr_line' id='line_1_6' title="bbox 208 716 2297 793; baseline -0.002 -12"><span class='ocrx_word' id='word_1_39' title='bbox 208 740 232 781; x_wconf 78' lang='grc'><strong>5</strong></span> <span class='ocrx_word' id='word_1_40' title='bbox 260 719 482 777; x_wconf 86' lang='lat' dir='ltr'><strong>struxit</strong></span> <span class='ocrx_word' id='word_1_41' title='bbox 526 717 680 777; x_wconf 90' lang='lat' dir='ltr'><strong>illud</strong></span> <span class='ocrx_word' id='word_1_42' title='bbox 723 718 1043 793; x_wconf 87' lang='lat' dir='ltr'><strong>imperium</strong></span> <span class='ocrx_word' id='word_1_43' title='bbox 1090 716 1242 792; x_wconf 83' lang='grc'><strong>61116,</strong></span> <span class='ocrx_word' id='word_1_44' title='bbox 1287 718 1363 775; x_wconf 86' lang='lat' dir='ltr'><strong>ut</strong></span> <span class='ocrx_word' id='word_1_45' title='bbox 1413 717 1479 775; x_wconf 91' lang='lat' dir='ltr'><strong>in</strong></span> <span class='ocrx_word' id='word_1_46' title='bbox 1525 716 1777 775; x_wconf 83' lang='lat' dir='ltr'>Daniele</span> <span class='ocrx_word' id='word_1_47' title='bbox 1824 735 2002 792; x_wconf 86' lang='lat' dir='ltr'><strong>super</strong></span> <span class='ocrx_word' id='word_1_48' title='bbox 2046 734 2297 792; x_wconf 86' lang='lat' dir='ltr'><strong>sompno</strong></span> 
     </span>
     <span class='ocr_line' id='line_1_7' title="bbox 258 804 2299 884; baseline -0 -18"><span class='ocrx_word' id='word_1_49' title='bbox 258 806 790 884; x_wconf 86' lang='lat' dir='ltr'><strong>Nabughdenasor.</strong></span> <span class='ocrx_word' id='word_1_50' title='bbox 882 805 966 864; x_wconf 84' lang='lat' dir='ltr'><strong>Et</strong></span> <span class='ocrx_word' id='word_1_51' title='bbox 1007 808 1085 865; x_wconf 73' lang='lat' dir='ltr'><strong>utv</strong></span> <span class='ocrx_word' id='word_1_52' title='bbox 1132 806 1347 865; x_wconf 86' lang='lat' dir='ltr'><strong>melius</strong></span> <span class='ocrx_word' id='word_1_53' title='bbox 1407 806 1744 882; x_wconf 76' lang='lat' dir='ltr'><strong>intelligas,</strong></span> <span class='ocrx_word' id='word_1_54' title='bbox 1808 805 2055 864; x_wconf 88' lang='lat' dir='ltr'><strong>audiens</strong></span> <span class='ocrx_word' id='word_1_55' title='bbox 2110 804 2299 866; x_wconf 83' lang='lat' dir='ltr'><strong>verba</strong></span> 
     </span>
     <span class='ocr_line' id='line_1_8' title="bbox 258 893 2300 971; baseline 0 -18"><span class='ocrx_word' id='word_1_56' title='bbox 258 897 448 971; x_wconf 85' lang='lat' dir='ltr'><strong>ipsius</strong></span> <span class='ocrx_word' id='word_1_57' title='bbox 493 895 793 968; x_wconf 81' lang='lat' dir='ltr'><strong>DanieIiS,</strong></span> <span class='ocrx_word' id='word_1_58' title='bbox 839 894 1143 969; x_wconf 82' lang='lat' dir='ltr'><strong>advertas,</strong></span> <span class='ocrx_word' id='word_1_59' title='bbox 1188 896 1337 955; x_wconf 89' lang='lat' dir='ltr'><strong>haec</strong></span> <span class='ocrx_word' id='word_1_60' title='bbox 1382 896 1538 954; x_wconf 85' lang='lat' dir='ltr'><strong>sunt.</strong></span> <span class='ocrx_word' id='word_1_61' title='bbox 1630 895 1724 953; x_wconf 85' lang='lat' dir='ltr'><strong>Tu</strong></span> <span class='ocrx_word' id='word_1_62' title='bbox 1765 914 1869 954; x_wconf 81' lang='lat' dir='ltr'><strong>rex</strong></span> <span class='ocrx_word' id='word_1_63' title='bbox 1914 893 2186 971; x_wconf 84' lang='lat' dir='ltr'>videbas,</span> <span class='ocrx_word' id='word_1_64' title='bbox 2234 897 2300 954; x_wconf 86' lang='lat' dir='ltr'><strong>et</strong></span> 
     </span>
     <span class='ocr_line' id='line_1_9' title="bbox 261 983 2295 1062; baseline 0 -19"><span class='ocrx_word' id='word_1_65' title='bbox 261 1002 393 1044; x_wconf 91' lang='lat' dir='ltr'><strong>ecce</strong></span> <span class='ocrx_word' id='word_1_66' title='bbox 438 985 640 1044; x_wconf 87' lang='lat' dir='ltr'><strong>statua</strong></span> <span class='ocrx_word' id='word_1_67' title='bbox 684 1003 806 1046; x_wconf 90' lang='lat' dir='ltr'><strong>una</strong></span> <span class='ocrx_word' id='word_1_68' title='bbox 851 983 1121 1061; x_wconf 82' lang='lat' dir='ltr'><strong>grandis3</strong></span> <span class='ocrx_word' id='word_1_69' title='bbox 1162 986 1374 1044; x_wconf 81' lang='lat' dir='ltr'><strong>statua</strong></span> <span class='ocrx_word' id='word_1_70' title='bbox 1410 985 1520 1043; x_wconf 91' lang='lat' dir='ltr'><strong>illa</strong></span> <span class='ocrx_word' id='word_1_71' title='bbox 1554 1001 1776 1062; x_wconf 90' lang='lat' dir='ltr'><strong>magna</strong></span> <span class='ocrx_word' id='word_1_72' title='bbox 1812 986 1875 1042; x_wconf 89' lang='lat' dir='ltr'><strong>et</strong></span> <span class='ocrx_word' id='word_1_73' title='bbox 1917 986 2122 1044; x_wconf 89' lang='lat' dir='ltr'><strong>statua</strong></span> <span class='ocrx_word' id='word_1_74' title='bbox 2158 984 2295 1044; x_wconf 88' lang='lat' dir='ltr'><strong>sub-</strong></span> 
     </span>
     <span class='ocr_line' id='line_1_10' title="bbox 259 1072 2296 1133; baseline 0 -2"><span class='ocrx_word' id='word_1_75' title='bbox 259 1073 421 1132; x_wconf 88' lang='lat' dir='ltr'><strong>limis</strong></span> <span class='ocrx_word' id='word_1_76' title='bbox 486 1074 688 1133; x_wconf 88' lang='lat' dir='ltr'><strong>stabat</strong></span> <span class='ocrx_word' id='word_1_77' title='bbox 759 1075 967 1132; x_wconf 89' lang='lat' dir='ltr'><strong>contra</strong></span> <span class='ocrx_word' id='word_1_78' title='bbox 1018 1076 1078 1132; x_wconf 90' lang='lat' dir='ltr'><strong>te</strong></span> <span class='ocrx_word' id='word_1_79' title='bbox 1145 1075 1206 1132; x_wconf 92' lang='lat' dir='ltr'><strong>et</strong></span> <span class='ocrx_word' id='word_1_80' title='bbox 1274 1073 1532 1132; x_wconf 75' lang='lat' dir='ltr'><strong>intuitus</strong></span> <span class='ocrx_word' id='word_1_81' title='bbox 1597 1074 1723 1132; x_wconf 89' lang='lat' dir='ltr'><strong>eius</strong></span> <span class='ocrx_word' id='word_1_82' title='bbox 1789 1075 1920 1132; x_wconf 88' lang='lat' dir='ltr'><strong>erat</strong></span> <span class='ocrx_word' id='word_1_83' title='bbox 1989 1072 2296 1133; x_wconf 85' lang='lat' dir='ltr'><strong>terribilis.</strong></span> 
     </span>
     <span class='ocr_line' id='line_1_11' title="bbox 179 1161 2294 1238; baseline -0.002 -13"><span class='ocrx_word' id='word_1_84' title='bbox 179 1185 233 1225; x_wconf 77' lang='grc' dir='ltr'><strong>ιο</strong></span> <span class='ocrx_word' id='word_1_85' title='bbox 260 1161 458 1220; x_wconf 88' lang='lat' dir='ltr'><strong>Huius</strong></span> <span class='ocrx_word' id='word_1_86' title='bbox 504 1165 742 1223; x_wconf 77' lang='lat' dir='ltr'><strong>statuae</strong></span> <span class='ocrx_word' id='word_1_87' title='bbox 789 1164 972 1237; x_wconf 91' lang='lat' dir='ltr'><strong>caput</strong></span> <span class='ocrx_word' id='word_1_88' title='bbox 1016 1181 1087 1221; x_wconf 82' lang='lat' dir='ltr'>ex</span> <span class='ocrx_word' id='word_1_89' title='bbox 1134 1181 1279 1221; x_wconf 89' lang='lat' dir='ltr'><strong>auro</strong></span> <span class='ocrx_word' id='word_1_90' title='bbox 1326 1163 1557 1238; x_wconf 89' lang='lat' dir='ltr'><strong>optimo</strong></span> <span class='ocrx_word' id='word_1_91' title='bbox 1614 1166 1770 1236; x_wconf 87' lang='lat' dir='ltr'><strong>erat,</strong></span> <span class='ocrx_word' id='word_1_92' title='bbox 1828 1164 2036 1238; x_wconf 87' lang='lat' dir='ltr'><strong>pectus</strong></span> <span class='ocrx_word' id='word_1_93' title='bbox 2091 1166 2294 1221; x_wconf 89' lang='lat' dir='ltr'><strong>autem</strong></span> 
     </span>
     <span class='ocr_line' id='line_1_12' title="bbox 262 1249 2295 1329; baseline 0 -19"><span class='ocrx_word' id='word_1_94' title='bbox 262 1253 324 1310; x_wconf 87' lang='lat' dir='ltr'><strong>et</strong></span> <span class='ocrx_word' id='word_1_95' title='bbox 379 1249 623 1311; x_wconf 89' lang='lat' dir='ltr'><strong>brachia</strong></span> <span class='ocrx_word' id='word_1_96' title='bbox 683 1252 755 1310; x_wconf 93' lang='lat' dir='ltr'>de</span> <span class='ocrx_word' id='word_1_97' title='bbox 816 1254 1082 1329; x_wconf 88' lang='lat' dir='ltr'><strong>argent0,</strong></span> <span class='ocrx_word' id='word_1_98' title='bbox 1141 1270 1320 1327; x_wconf 89' lang='lat' dir='ltr'><strong>porro</strong></span> <span class='ocrx_word' id='word_1_99' title='bbox 1381 1255 1589 1311; x_wconf 82' lang='lat' dir='ltr'><strong>venter</strong></span> <span class='ocrx_word' id='word_1_100' title='bbox 1647 1252 1709 1309; x_wconf 92' lang='lat' dir='ltr'><strong>et</strong></span> <span class='ocrx_word' id='word_1_101' title='bbox 1765 1251 1994 1310; x_wconf 89' lang='lat' dir='ltr'><strong>femora</strong></span> <span class='ocrx_word' id='word_1_102' title='bbox 2053 1269 2123 1309; x_wconf 82' lang='lat' dir='ltr'>ex</span> <span class='ocrx_word' id='word_1_103' title='bbox 2179 1270 2295 1325; x_wconf 88' lang='lat' dir='ltr'>ere,</span> 
     </span>
     <span class='ocr_line' id='line_1_13' title="bbox 259 1340 2294 1417; baseline 0 -18"><span class='ocrx_word' id='word_1_104' title='bbox 259 1340 442 1400; x_wconf 90' lang='lat' dir='ltr'><strong>tibiae</strong></span> <span class='ocrx_word' id='word_1_105' title='bbox 489 1344 690 1400; x_wconf 87' lang='lat' dir='ltr'><strong>autem</strong></span> <span class='ocrx_word' id='word_1_106' title='bbox 752 1341 999 1415; x_wconf 86' lang='lat' dir='ltr'>ferreae,</span> <span class='ocrx_word' id='word_1_107' title='bbox 1062 1340 1281 1417; x_wconf 91' lang='lat' dir='ltr'><strong>pedum</strong></span> <span class='ocrx_word' id='word_1_108' title='bbox 1347 1340 1642 1416; x_wconf 83' lang='lat' dir='ltr'>quaedam</span> <span class='ocrx_word' id='word_1_109' title='bbox 1694 1358 1835 1416; x_wconf 88' lang='lat' dir='ltr'><strong>pars</strong></span> <span class='ocrx_word' id='word_1_110' title='bbox 1891 1343 2053 1399; x_wconf 84' lang='lat' dir='ltr'><strong>erat·</strong></span> <span class='ocrx_word' id='word_1_111' title='bbox 2069 1341 2294 1414; x_wconf 60' lang='lat' dir='ltr'><strong>ferrea,</strong></span> 
     </span>
     <span class='ocr_line' id='line_1_14' title="bbox 260 1424 2297 1508; baseline 0 -19"><span class='ocrx_word' id='word_1_112' title='bbox 260 1430 554 1505; x_wconf 78' lang='lat' dir='ltr'><strong>quaedam</strong></span> <span class='ocrx_word' id='word_1_113' title='bbox 619 1432 820 1489; x_wconf 87' lang='lat' dir='ltr'><strong>autem</strong></span> <span class='ocrx_word' id='word_1_114' title='bbox 882 1429 1084 1489; x_wconf 83' lang='lat' dir='ltr'><strong>fictilis</strong></span> <span class='ocrx_word' id='word_1_115' title='bbox 1147 1427 1480 1489; x_wconf 87' lang='lat' dir='ltr'><strong>videbatur.</strong></span> <span class='ocrx_word' id='word_1_116' title='bbox 1572 1424 1889 1508; x_wconf 88' lang='lat' dir='ltr'><strong>[Videbas]</strong></span> <span class='ocrx_word' id='word_1_117' title='bbox 1937 1430 2045 1504; x_wconf 88' lang='lat' dir='ltr'><strong>ita,</strong></span> <span class='ocrx_word' id='word_1_118' title='bbox 2109 1429 2297 1489; x_wconf 92' lang='lat' dir='ltr'><strong>donec</strong></span> 
     </span>
     <span class='ocr_line' id='line_1_15' title="bbox 261 1518 2300 1595; baseline -0 -18"><span class='ocrx_word' id='word_1_119' title='bbox 261 1519 524 1579; x_wconf 88' lang='lat' dir='ltr'><strong>abscisus</strong></span> <span class='ocrx_word' id='word_1_120' title='bbox 574 1521 666 1579; x_wconf 86' lang='lat' dir='ltr'><strong>est</strong></span> <span class='ocrx_word' id='word_1_121' title='bbox 726 1519 883 1595; x_wconf 89' lang='lat' dir='ltr'><strong>lapis</strong></span> <span class='ocrx_word' id='word_1_122' title='bbox 941 1518 1014 1577; x_wconf 92' lang='lat' dir='ltr'>de</span> <span class='ocrx_word' id='word_1_123' title='bbox 1078 1522 1282 1578; x_wconf 91' lang='lat' dir='ltr'><strong>monte</strong></span> <span class='ocrx_word' id='word_1_124' title='bbox 1346 1520 1476 1578; x_wconf 84' lang='lat' dir='ltr'><strong>sine</strong></span> <span class='ocrx_word' id='word_1_125' title='bbox 1537 1519 1815 1578; x_wconf 87' lang='lat' dir='ltr'><strong>manibus</strong></span> <span class='ocrx_word' id='word_1_126' title='bbox 1880 1520 1941 1577; x_wconf 90' lang='lat' dir='ltr'><strong>et</strong></span> <span class='ocrx_word' id='word_1_127' title='bbox 2001 1519 2300 1594; x_wconf 84' lang='lat' dir='ltr'><strong>percussit</strong></span> 
     </span>
     <span class='ocr_line' id='line_1_16' title="bbox 182 1607 2296 1684; baseline -0.002 -14"><span class='ocrx_word' id='word_1_128' title='bbox 182 1629 233 1670; x_wconf 82' lang='lat'><strong>15</strong></span> <span class='ocrx_word' id='word_1_129' title='bbox 263 1610 527 1670; x_wconf 86' lang='lat' dir='ltr'><strong>statuam</strong></span> <span class='ocrx_word' id='word_1_130' title='bbox 569 1610 635 1667; x_wconf 92' lang='lat' dir='ltr'><strong>in</strong></span> <span class='ocrx_word' id='word_1_131' title='bbox 681 1607 931 1684; x_wconf 87' lang='lat' dir='ltr'><strong>pedibus</strong></span> <span class='ocrx_word' id='word_1_132' title='bbox 979 1608 1107 1667; x_wconf 91' lang='lat' dir='ltr'><strong>eius</strong></span> <span class='ocrx_word' id='word_1_133' title='bbox 1151 1608 1362 1667; x_wconf 84' lang='lat' dir='ltr'><strong>ferreis</strong></span> <span class='ocrx_word' id='word_1_134' title='bbox 1410 1610 1471 1666; x_wconf 92' lang='lat' dir='ltr'><strong>et</strong></span> <span class='ocrx_word' id='word_1_135' title='bbox 1514 1607 1798 1667; x_wconf 86' lang='lat' dir='ltr'><strong>fictilibus</strong></span> <span class='ocrx_word' id='word_1_136' title='bbox 1837 1609 1899 1666; x_wconf 94' lang='lat' dir='ltr'><strong>et</strong></span> <span class='ocrx_word' id='word_1_137' title='bbox 1943 1609 2296 1666; x_wconf 80' lang='lat' dir='ltr'><strong>comminuit</strong></span> 
     </span>
     <span class='ocr_line' id='line_1_17' title="bbox 263 1697 2295 1774; baseline -0 -19"><span class='ocrx_word' id='word_1_138' title='bbox 263 1714 378 1755; x_wconf 83' lang='grc'><strong>606.</strong></span> <span class='ocrx_word' id='word_1_139' title='bbox 471 1697 637 1755; x_wconf 84' lang='grc' dir='ltr'><strong>Τ11116</strong></span> <span class='ocrx_word' id='word_1_140' title='bbox 682 1698 940 1757; x_wconf 87' lang='lat' dir='ltr'><strong>contrita</strong></span> <span class='ocrx_word' id='word_1_141' title='bbox 986 1700 1126 1756; x_wconf 89' lang='lat' dir='ltr'><strong>sunt</strong></span> <span class='ocrx_word' id='word_1_142' title='bbox 1170 1698 1400 1773; x_wconf 84' lang='lat' dir='ltr'><strong>pariter</strong></span> <span class='ocrx_word' id='word_1_143' title='bbox 1441 1698 1685 1772; x_wconf 86' lang='lat' dir='ltr'><strong>ferrum,</strong></span> <span class='ocrx_word' id='word_1_144' title='bbox 1739 1698 1914 1770; x_wconf 88' lang='lat' dir='ltr'><strong>testa,</strong></span> <span class='ocrx_word' id='word_1_145' title='bbox 1961 1714 2040 1771; x_wconf 84' lang='grc'><strong>66,</strong></span> <span class='ocrx_word' id='word_1_146' title='bbox 2086 1716 2295 1774; x_wconf 89' lang='lat' dir='ltr'><strong>argen-</strong></span> 
     </span>
     <span class='ocr_line' id='line_1_18' title="bbox 259 1785 2296 1862; baseline 0 -18"><span class='ocrx_word' id='word_1_147' title='bbox 259 1788 391 1844; x_wconf 91' lang='lat' dir='ltr'><strong>tum</strong></span> <span class='ocrx_word' id='word_1_148' title='bbox 428 1788 489 1845; x_wconf 87' lang='lat' dir='ltr'><strong>et</strong></span> <span class='ocrx_word' id='word_1_149' title='bbox 534 1804 746 1844; x_wconf 86' lang='lat' dir='ltr'><strong>aurum</strong></span> <span class='ocrx_word' id='word_1_150' title='bbox 783 1789 845 1845; x_wconf 91' lang='lat' dir='ltr'><strong>et</strong></span> <span class='ocrx_word' id='word_1_151' title='bbox 877 1785 1120 1845; x_wconf 87' lang='lat' dir='ltr'><strong>redacta</strong></span> <span class='ocrx_word' id='word_1_152' title='bbox 1157 1787 1330 1862; x_wconf 89' lang='lat' dir='ltr'><strong>quasi</strong></span> <span class='ocrx_word' id='word_1_153' title='bbox 1364 1788 1430 1845; x_wconf 92' lang='lat' dir='ltr'><strong>in</strong></span> <span class='ocrx_word' id='word_1_154' title='bbox 1475 1786 1749 1847; x_wconf 76' lang='lat' dir='ltr'><strong>favillam</strong></span> <span class='ocrx_word' id='word_1_155' title='bbox 1795 1785 2058 1845; x_wconf 84' lang='lat' dir='ltr'><strong>aestivae</strong></span> <span class='ocrx_word' id='word_1_156' title='bbox 2105 1804 2296 1862; x_wconf 86' lang='lat' dir='ltr'>areae,</span> 
     </span>
     <span class='ocr_line' id='line_1_19' title="bbox 262 1876 2299 1951; baseline 0.001 -19"><span class='ocrx_word' id='word_1_157' title='bbox 262 1892 415 1950; x_wconf 89' lang='lat' dir='ltr'><strong>quae</strong></span> <span class='ocrx_word' id='word_1_158' title='bbox 470 1878 648 1951; x_wconf 88' lang='lat' dir='ltr'><strong>rapta</strong></span> <span class='ocrx_word' id='word_1_159' title='bbox 703 1877 844 1934; x_wconf 87' lang='lat' dir='ltr'><strong>sunt</strong></span> <span class='ocrx_word' id='word_1_160' title='bbox 903 1893 939 1933; x_wconf 89' lang='lat' dir='ltr'><strong>a</strong></span> <span class='ocrx_word' id='word_1_161' title='bbox 1002 1877 1181 1936; x_wconf 82' lang='lat' dir='ltr'><strong>vento</strong></span> <span class='ocrx_word' id='word_1_162' title='bbox 1253 1876 1573 1951; x_wconf 87' lang='lat' dir='ltr'><strong>nuHusque</strong></span> <span class='ocrx_word' id='word_1_163' title='bbox 1634 1876 1799 1934; x_wconf 87' lang='lat' dir='ltr'><strong>locus</strong></span> <span class='ocrx_word' id='word_1_164' title='bbox 1862 1876 2142 1935; x_wconf 82' lang='lat' dir='ltr'><strong>inventus</strong></span> <span class='ocrx_word' id='word_1_165' title='bbox 2207 1878 2299 1935; x_wconf 85' lang='lat' dir='ltr'><strong>est</strong></span> 
     </span>
     <span class='ocr_line' id='line_1_20' title="bbox 262 1963 2296 2041; baseline 0.001 -18"><span class='ocrx_word' id='word_1_166' title='bbox 262 1965 406 2025; x_wconf 89' lang='lat' dir='ltr'><strong>eius.</strong></span> <span class='ocrx_word' id='word_1_167' title='bbox 496 1963 680 2041; x_wconf 90' lang='lat' dir='ltr'><strong>Lapis</strong></span> <span class='ocrx_word' id='word_1_168' title='bbox 727 1968 928 2025; x_wconf 90' lang='lat' dir='ltr'><strong>autem</strong></span> <span class='ocrx_word' id='word_1_169' title='bbox 965 1966 1071 2041; x_wconf 90' lang='lat' dir='ltr'><strong>qui</strong></span> <span class='ocrx_word' id='word_1_170' title='bbox 1112 1967 1410 2041; x_wconf 81' lang='lat' dir='ltr'><strong>percussit</strong></span> <span class='ocrx_word' id='word_1_171' title='bbox 1452 1968 1715 2025; x_wconf 87' lang='lat' dir='ltr'><strong>statuam</strong></span> <span class='ocrx_word' id='word_1_172' title='bbox 1758 1965 1954 2024; x_wconf 85' lang='lat' dir='ltr'><strong>factus</strong></span> <span class='ocrx_word' id='word_1_173' title='bbox 1992 1967 2083 2024; x_wconf 86' lang='lat' dir='ltr'><strong>est</strong></span> <span class='ocrx_word' id='word_1_174' title='bbox 2125 1984 2296 2026; x_wconf 89' lang='lat' dir='ltr'><strong>mons</strong></span> 
     </span>
     <span class='ocr_line' id='line_1_21' title="bbox 179 2054 2296 2133; baseline -0.001 -17"><span class='ocrx_word' id='word_1_175' title='bbox 179 2075 233 2116; x_wconf 76' lang='lat'><strong>20</strong></span> <span class='ocrx_word' id='word_1_176' title='bbox 260 2072 513 2133; x_wconf 86' lang='lat' dir='ltr'><strong>magnus</strong></span> <span class='ocrx_word' id='word_1_177' title='bbox 574 2057 634 2112; x_wconf 87' lang='lat' dir='ltr'><strong>et</strong></span> <span class='ocrx_word' id='word_1_178' title='bbox 695 2054 973 2130; x_wconf 86' lang='lat' dir='ltr'><strong>implevit</strong></span> <span class='ocrx_word' id='word_1_179' title='bbox 1034 2056 1375 2114; x_wconf 85' lang='lat' dir='ltr'><strong>universam</strong></span> <span class='ocrx_word' id='word_1_180' title='bbox 1438 2057 1680 2114; x_wconf 87' lang='lat' dir='ltr'><strong>terram.</strong></span> <span class='ocrx_word' id='word_1_181' title='bbox 1770 2054 1903 2113; x_wconf 91' lang='lat' dir='ltr'><strong>Hoc</strong></span> <span class='ocrx_word' id='word_1_182' title='bbox 1956 2056 2047 2114; x_wconf 88' lang='lat' dir='ltr'><strong>est</strong></span> <span class='ocrx_word' id='word_1_183' title='bbox 2100 2073 2296 2131; x_wconf 89' lang='lat' dir='ltr'><strong>somp-</strong></span> 
     </span>
     <span class='ocr_line' id='line_1_22' title="bbox 260 2143 2297 2220; baseline -0 -18"><span class='ocrx_word' id='word_1_184' title='bbox 260 2144 420 2219; x_wconf 83' lang='lat' dir='ltr'><strong>num,</strong></span> <span class='ocrx_word' id='word_1_185' title='bbox 464 2143 1026 2220; x_wconf 86' lang='lat' dir='ltr'><strong>interpretationem</strong></span> <span class='ocrx_word' id='word_1_186' title='bbox 1072 2162 1309 2220; x_wconf 90' lang='lat' dir='ltr'><strong>quoque</strong></span> <span class='ocrx_word' id='word_1_187' title='bbox 1353 2144 1479 2203; x_wconf 88' lang='lat' dir='ltr'><strong>eius</strong></span> <span class='ocrx_word' id='word_1_188' title='bbox 1526 2144 1787 2203; x_wconf 85' lang='lat' dir='ltr'><strong>dicemus</strong></span> <span class='ocrx_word' id='word_1_189' title='bbox 1834 2161 2032 2203; x_wconf 87' lang='lat' dir='ltr'><strong>coram</strong></span> <span class='ocrx_word' id='word_1_190' title='bbox 2068 2147 2130 2202; x_wconf 88' lang='lat' dir='ltr'><strong>te</strong></span> <span class='ocrx_word' id='word_1_191' title='bbox 2165 2163 2297 2202; x_wconf 86' lang='lat' dir='ltr'><strong>rex:</strong></span> 
     </span>
     <span class='ocr_line' id='line_1_23' title="bbox 258 2222 2299 2311; baseline 0 -21"><span class='ocrx_word' id='word_1_192' title='bbox 258 2236 330 2290; x_wconf 91' lang='lat' dir='ltr'><strong>tu</strong></span> <span class='ocrx_word' id='word_1_193' title='bbox 372 2251 477 2291; x_wconf 81' lang='lat' dir='ltr'><strong>rex</strong></span> <span class='ocrx_word' id='word_1_194' title='bbox 525 2252 738 2311; x_wconf 88' lang='lat' dir='ltr'><strong>regum</strong></span> <span class='ocrx_word' id='word_1_195' title='bbox 783 2252 844 2293; x_wconf 85' lang='lat' dir='ltr'><strong>es</strong></span> <span class='ocrx_word' id='word_1_196' title='bbox 891 2236 953 2292; x_wconf 88' lang='lat' dir='ltr'><strong>et</strong></span> <span class='ocrx_word' id='word_1_197' title='bbox 1006 2232 1148 2292; x_wconf 86' lang='lat' dir='ltr'><strong>deus</strong></span> <span class='ocrx_word' id='word_1_198' title='bbox 1195 2233 1308 2293; x_wconf 89' lang='lat' dir='ltr'><strong>celi</strong></span> <span class='ocrx_word' id='word_1_199' title='bbox 1350 2222 1603 2311; x_wconf 81' lang='lat' dir='ltr'><strong>regnum</strong></span> <span class='ocrx_word' id='word_1_200' title='bbox 1660 2235 1721 2291; x_wconf 92' lang='lat' dir='ltr'><strong>et</strong></span> <span class='ocrx_word' id='word_1_201' title='bbox 1774 2233 2191 2291; x_wconf 83' lang='lat' dir='ltr'><strong>fortitudinem</strong></span> <span class='ocrx_word' id='word_1_202' title='bbox 2237 2235 2299 2291; x_wconf 88' lang='lat' dir='ltr'><strong>et</strong></span> 
     </span>
     <span class='ocr_line' id='line_1_24' title="bbox 260 2321 2297 2400; baseline 0.001 -22"><span class='ocrx_word' id='word_1_203' title='bbox 260 2322 577 2396; x_wconf 77' lang='lat' dir='ltr'><strong>imperium</strong></span> <span class='ocrx_word' id='word_1_204' title='bbox 624 2325 686 2381; x_wconf 89' lang='lat' dir='ltr'><strong>et</strong></span> <span class='ocrx_word' id='word_1_205' title='bbox 729 2323 986 2400; x_wconf 86' lang='lat' dir='ltr'><strong>gloriam</strong></span> <span class='ocrx_word' id='word_1_206' title='bbox 1031 2321 1200 2383; x_wconf 90' lang='lat' dir='ltr'>dedit</span> <span class='ocrx_word' id='word_1_207' title='bbox 1242 2322 1359 2381; x_wconf 92' lang='lat' dir='ltr'><strong>tibi</strong></span> <span class='ocrx_word' id='word_1_208' title='bbox 1405 2325 1467 2382; x_wconf 89' lang='lat' dir='ltr'><strong>et</strong></span> <span class='ocrx_word' id='word_1_209' title='bbox 1511 2324 1712 2382; x_wconf 91' lang='lat' dir='ltr'><strong>omnia</strong></span> <span class='ocrx_word' id='word_1_210' title='bbox 1755 2322 1821 2381; x_wconf 90' lang='lat' dir='ltr'><strong>in</strong></span> <span class='ocrx_word' id='word_1_211' title='bbox 1866 2322 2082 2398; x_wconf 87' lang='lat' dir='ltr'><strong>quibus</strong></span> <span class='ocrx_word' id='word_1_212' title='bbox 2126 2321 2297 2380; x_wconf 89' lang='lat' dir='ltr'><strong>habi-</strong></span> 
     </span>
     <span class='ocr_line' id='line_1_25' title="bbox 261 2405 2291 2490; baseline 0 -23"><span class='ocrx_word' id='word_1_213' title='bbox 261 2411 396 2468; x_wconf 86' lang='lat' dir='ltr'><strong>tant</strong></span> <span class='ocrx_word' id='word_1_214' title='bbox 436 2409 548 2468; x_wconf 84' lang='lat' dir='ltr'><strong>filii</strong></span> <span class='ocrx_word' id='word_1_215' title='bbox 591 2411 898 2470; x_wconf 89' lang='lat' dir='ltr'><strong>hominum</strong></span> <span class='ocrx_word' id='word_1_216' title='bbox 936 2415 998 2471; x_wconf 88' lang='lat' dir='ltr'><strong>et</strong></span> <span class='ocrx_word' id='word_1_217' title='bbox 1041 2409 1268 2471; x_wconf 86' lang='lat' dir='ltr'><strong>bestiae</strong></span> <span class='ocrx_word' id='word_1_218' title='bbox 1313 2411 1447 2490; x_wconf 85' lang='lat' dir='ltr'><strong>agri</strong></span> <span class='ocrx_word' id='word_1_219' title='bbox 1469 2412 1884 2487; x_wconf 43' lang='lat' dir='ltr'><strong>«volucresque</strong></span> <span class='ocrx_word' id='word_1_220' title='bbox 1921 2411 2035 2470; x_wconf 89' lang='lat' dir='ltr'><strong>celi</strong></span> <span class='ocrx_word' id='word_1_221' title='bbox 2071 2405 2291 2490; x_wconf 84' lang='lat' dir='ltr'>[dedit]</span> 
     </span>
     <span class='ocr_line' id='line_1_26' title="bbox 184 2499 2297 2561; baseline -0.001 -1"><span class='ocrx_word' id='word_1_222' title='bbox 184 2519 236 2560; x_wconf 78' lang='lat'><strong>25</strong></span> <span class='ocrx_word' id='word_1_223' title='bbox 263 2500 330 2556; x_wconf 87' lang='lat' dir='ltr'><strong>in</strong></span> <span class='ocrx_word' id='word_1_224' title='bbox 374 2517 558 2558; x_wconf 92' lang='lat' dir='ltr'><strong>manu</strong></span> <span class='ocrx_word' id='word_1_225' title='bbox 601 2502 710 2558; x_wconf 89' lang='lat' dir='ltr'><strong>tua</strong></span> <span class='ocrx_word' id='word_1_226' title='bbox 756 2501 818 2558; x_wconf 90' lang='lat' dir='ltr'><strong>et</strong></span> <span class='ocrx_word' id='word_1_227' title='bbox 860 2500 969 2559; x_wconf 88' lang='lat' dir='ltr'><strong>sub</strong></span> <span class='ocrx_word' id='word_1_228' title='bbox 1016 2499 1247 2559; x_wconf 91' lang='lat' dir='ltr'><strong>dicione</strong></span> <span class='ocrx_word' id='word_1_229' title='bbox 1293 2502 1402 2559; x_wconf 89' lang='lat' dir='ltr'><strong>tua</strong></span> <span class='ocrx_word' id='word_1_230' title='bbox 1444 2502 1725 2561; x_wconf 85' lang='lat' dir='ltr'><strong>universa</strong></span> <span class='ocrx_word' id='word_1_231' title='bbox 1789 2501 2120 2559; x_wconf 87' lang='lat' dir='ltr'><strong>constituit.</strong></span> <span class='ocrx_word' id='word_1_232' title='bbox 2204 2500 2297 2558; x_wconf 84' lang='lat' dir='ltr'><strong>Tu</strong></span> 
     </span>
     <span class='ocr_line' id='line_1_27' title="bbox 266 2589 2295 2669; baseline 0 -22"><span class='ocrx_word' id='word_1_233' title='bbox 266 2606 327 2647; x_wconf 88' lang='lat' dir='ltr'><strong>es</strong></span> <span class='ocrx_word' id='word_1_234' title='bbox 375 2605 517 2666; x_wconf 91' lang='lat' dir='ltr'><strong>ergo</strong></span> <span class='ocrx_word' id='word_1_235' title='bbox 565 2591 749 2664; x_wconf 90' lang='lat' dir='ltr'><strong>caput</strong></span> <span class='ocrx_word' id='word_1_236' title='bbox 795 2608 1062 2664; x_wconf 78' lang='lat' dir='ltr'><strong>aureum,</strong></span> <span class='ocrx_word' id='word_1_237' title='bbox 1109 2592 1171 2648; x_wconf 89' lang='lat' dir='ltr'><strong>et</strong></span> <span class='ocrx_word' id='word_1_238' title='bbox 1205 2592 1345 2665; x_wconf 88' lang='lat' dir='ltr'><strong>post</strong></span> <span class='ocrx_word' id='word_1_239' title='bbox 1378 2593 1441 2649; x_wconf 89' lang='lat' dir='ltr'><strong>te</strong></span> <span class='ocrx_word' id='word_1_240' title='bbox 1488 2592 1804 2669; x_wconf 81' lang='lat' dir='ltr'><strong>consurget</strong></span> <span class='ocrx_word' id='word_1_241' title='bbox 1841 2608 2095 2666; x_wconf 88' lang='lat' dir='ltr'><strong>regnum</strong></span> <span class='ocrx_word' id='word_1_242' title='bbox 2132 2589 2295 2648; x_wconf 87' lang='lat' dir='ltr'><strong>aliud</strong></span> 
     </span>
     <span class='ocr_line' id='line_1_28' title="bbox 260 2676 2298 2756; baseline -0 -20"><span class='ocrx_word' id='word_1_243' title='bbox 260 2678 461 2736; x_wconf 89' lang='lat' dir='ltr'><strong>minus</strong></span> <span class='ocrx_word' id='word_1_244' title='bbox 502 2679 565 2735; x_wconf 90' lang='lat' dir='ltr'><strong>te</strong></span> <span class='ocrx_word' id='word_1_245' title='bbox 603 2681 663 2737; x_wconf 88' lang='lat' dir='ltr'><strong>et</strong></span> <span class='ocrx_word' id='word_1_246' title='bbox 706 2696 956 2756; x_wconf 92' lang='lat' dir='ltr'><strong>regnum</strong></span> <span class='ocrx_word' id='word_1_247' title='bbox 1001 2680 1249 2737; x_wconf 88' lang='lat' dir='ltr'><strong>tertium</strong></span> <span class='ocrx_word' id='word_1_248' title='bbox 1296 2678 1462 2737; x_wconf 90' lang='lat' dir='ltr'><strong>aliud</strong></span> <span class='ocrx_word' id='word_1_249' title='bbox 1506 2698 1723 2753; x_wconf 89' lang='lat' dir='ltr'><strong>ereum,</strong></span> <span class='ocrx_word' id='word_1_250' title='bbox 1769 2678 1930 2755; x_wconf 91' lang='lat' dir='ltr'><strong>quod</strong></span> <span class='ocrx_word' id='word_1_251' title='bbox 1973 2676 2298 2754; x_wconf 87' lang='lat' dir='ltr'><strong>imperabit</strong></span> 
     </span>
     <span class='ocr_line' id='line_1_29' title="bbox 261 2767 2296 2846; baseline -0 -21"><span class='ocrx_word' id='word_1_252' title='bbox 261 2768 576 2826; x_wconf 84' lang='lat' dir='ltr'><strong>universae</strong></span> <span class='ocrx_word' id='word_1_253' title='bbox 630 2769 844 2842; x_wconf 85' lang='lat' dir='ltr'><strong>terrae,</strong></span> <span class='ocrx_word' id='word_1_254' title='bbox 891 2770 952 2827; x_wconf 88' lang='lat' dir='ltr'><strong>et</strong></span> <span class='ocrx_word' id='word_1_255' title='bbox 1004 2787 1252 2846; x_wconf 89' lang='lat' dir='ltr'><strong>regnum</strong></span> <span class='ocrx_word' id='word_1_256' title='bbox 1310 2770 1593 2843; x_wconf 90' lang='lat' dir='ltr'><strong>quartum</strong></span> <span class='ocrx_word' id='word_1_257' title='bbox 1648 2770 1763 2827; x_wconf 87' lang='lat' dir='ltr'><strong>erit</strong></span> <span class='ocrx_word' id='word_1_258' title='bbox 1806 2767 1978 2828; x_wconf 83' lang='lat' dir='ltr'><strong>velut</strong></span> <span class='ocrx_word' id='word_1_259' title='bbox 2020 2768 2296 2825; x_wconf 84' lang='lat' dir='ltr'><strong>ferreum.</strong></span> 
     </span>
    </p>
   </div>
   <div class='ocr_carea' id='block_1_3' title="bbox 260 2914 689 2922">
    <p class='ocr_par' dir='ltr' id='par_1_3' title="bbox 260 2914 689 2922">
     <span class='ocr_line' id='line_1_30' title="bbox 260 2914 689 2922; baseline 0 1003"><span class='ocrx_word' id='word_1_260' title='bbox 260 2914 689 2922; x_wconf 95' lang='lat' dir='ltr'><strong> </strong></span> 
     </span>
    </p>
   </div>
   <div class='ocr_carea' id='block_1_4' title="bbox 261 3006 2299 3650">
    <p class='ocr_par' dir='ltr' id='par_1_4' title="bbox 261 3006 2299 3650">
     <span class='ocr_line' id='line_1_31' title="bbox 407 3006 2298 3078; baseline 0.001 -18"><span class='ocrx_word' id='word_1_261' title='bbox 407 3012 439 3060; x_wconf 85' lang='lat'><strong>3</strong></span> <span class='ocrx_word' id='word_1_262' title='bbox 475 3006 749 3061; x_wconf 75' lang='lat' dir='ltr'><strong>veritatis.</strong></span> <span class='ocrx_word' id='word_1_263' title='bbox 824 3006 899 3061; x_wconf 83' lang='lat' dir='ltr'><strong>Et</strong></span> <span class='ocrx_word' id='word_1_264' title='bbox 933 3006 1041 3061; x_wconf 91' lang='lat' dir='ltr'><strong>hoc</strong></span> <span class='ocrx_word' id='word_1_265' title='bbox 1095 3006 1390 3062; x_wconf 85' lang='lat' dir='ltr'><strong>nunciavit</strong></span> <span class='ocrx_word' id='word_1_266' title='bbox 1425 3007 1606 3062; x_wconf 73' lang='lat' dir='ltr'><strong>Mai-ie</strong></span> <span class='ocrx_word' id='word_1_267' title='bbox 1659 3024 1763 3077; x_wconf 81' lang='lat' dir='ltr'><strong>per</strong></span> <span class='ocrx_word' id='word_1_268' title='bbox 1813 3008 2078 3078; x_wconf 83' lang='lat' dir='ltr'><strong>angelum</strong></span> <span class='ocrx_word' id='word_1_269' title='bbox 2133 3025 2298 3062; x_wconf 88' lang='lat' dir='ltr'><strong>suum</strong></span> 
     </span>
     <span class='ocr_line' id='line_1_32' title="bbox 262 3078 2299 3150; baseline 0 -19"><span class='ocrx_word' id='word_1_270' title='bbox 262 3078 569 3133; x_wconf 87' lang='lat' dir='ltr'><strong>dicentem:</strong></span> <span class='ocrx_word' id='word_1_271' title='bbox 609 3078 773 3133; x_wconf 87' lang='lat' dir='ltr'><strong>dabit</strong></span> <span class='ocrx_word' id='word_1_272' title='bbox 807 3078 897 3133; x_wconf 91' lang='lat' dir='ltr'><strong>illi</strong></span> <span class='ocrx_word' id='word_1_273' title='bbox 934 3078 1194 3133; x_wconf 83' lang='lat' dir='ltr'><strong>dominus</strong></span> <span class='ocrx_word' id='word_1_274' title='bbox 1232 3078 1371 3133; x_wconf 81' lang='lat' dir='ltr'><strong>deus</strong></span> <span class='ocrx_word' id='word_1_275' title='bbox 1409 3079 1600 3134; x_wconf 83' lang='lat' dir='ltr'><strong>sedem</strong></span> <span class='ocrx_word' id='word_1_276' title='bbox 1634 3079 1819 3133; x_wconf 79' lang='lat' dir='ltr'><strong>David</strong></span> <span class='ocrx_word' id='word_1_277' title='bbox 1863 3079 2044 3150; x_wconf 85' lang='lat' dir='ltr'><strong>patris</strong></span> <span class='ocrx_word' id='word_1_278' title='bbox 2081 3079 2202 3133; x_wconf 88' lang='grc'><strong>61116</strong></span> <span class='ocrx_word' id='word_1_279' title='bbox 2240 3080 2299 3134; x_wconf 86' lang='lat' dir='ltr'><strong>et</strong></span> 
     </span>
     <span class='ocr_line' id='line_1_33' title="bbox 262 3149 2299 3222; baseline 0.001 -20"><span class='ocrx_word' id='word_1_280' title='bbox 262 3149 527 3220; x_wconf 84' lang='lat' dir='ltr'><strong>regnabit</strong></span> <span class='ocrx_word' id='word_1_281' title='bbox 561 3149 622 3204; x_wconf 91' lang='lat' dir='ltr'><strong>in</strong></span> <span class='ocrx_word' id='word_1_282' title='bbox 677 3150 845 3206; x_wconf 93' lang='lat' dir='ltr'><strong>domo</strong></span> <span class='ocrx_word' id='word_1_283' title='bbox 897 3149 1075 3204; x_wconf 86' lang='lat' dir='ltr'><strong>Jacob</strong></span> <span class='ocrx_word' id='word_1_284' title='bbox 1129 3150 1191 3204; x_wconf 91' lang='lat' dir='ltr'><strong>in</strong></span> <span class='ocrx_word' id='word_1_285' title='bbox 1244 3154 1501 3206; x_wconf 87' lang='lat' dir='ltr'><strong>eternum</strong></span> <span class='ocrx_word' id='word_1_286' title='bbox 1546 3153 1605 3205; x_wconf 94' lang='lat' dir='ltr'><strong>et</strong></span> <span class='ocrx_word' id='word_1_287' title='bbox 1656 3151 1818 3222; x_wconf 86' lang='lat' dir='ltr'><strong>regni</strong></span> <span class='ocrx_word' id='word_1_288' title='bbox 1875 3151 1994 3206; x_wconf 88' lang='grc'><strong>61116</strong></span> <span class='ocrx_word' id='word_1_289' title='bbox 2038 3167 2152 3205; x_wconf 86' lang='grc'><strong>11011</strong></span> <span class='ocrx_word' id='word_1_290' title='bbox 2189 3151 2299 3206; x_wconf 89' lang='lat' dir='ltr'><strong>erit</strong></span> 
     </span>
     <span class='ocr_line' id='line_1_34' title="bbox 262 3220 2298 3293; baseline 0 -18"><span class='ocrx_word' id='word_1_291' title='bbox 262 3220 390 3275; x_wconf 81' lang='lat' dir='ltr'><strong>finis</strong></span> <span class='ocrx_word' id='word_1_292' title='bbox 428 3237 495 3275; x_wconf 90' lang='lat' dir='ltr'><strong>ac</strong></span> <span class='ocrx_word' id='word_1_293' title='bbox 531 3237 750 3276; x_wconf 81' lang='lat' dir='ltr'><strong>cessare</strong></span> <span class='ocrx_word' id='word_1_294' title='bbox 786 3221 925 3277; x_wconf 89' lang='lat' dir='ltr'><strong>fecit</strong></span> <span class='ocrx_word' id='word_1_295' title='bbox 959 3222 1274 3276; x_wconf 85' lang='lat' dir='ltr'><strong>Romanam</strong></span> <span class='ocrx_word' id='word_1_296' title='bbox 1310 3221 1630 3293; x_wconf 87' lang='lat' dir='ltr'><strong>potentiam</strong></span> <span class='ocrx_word' id='word_1_297' title='bbox 1667 3223 1743 3277; x_wconf 99' lang='lat' dir='ltr'><strong>K.</strong></span> <span class='ocrx_word' id='word_1_298' title='bbox 1782 3224 1801 3292; x_wconf 85' lang='grc' dir='ltr'><strong>ΙΙ</strong></span> <span class='ocrx_word' id='word_1_299' title='bbox 1848 3227 1884 3276; x_wconf 83' lang='grc'>4</span> <span class='ocrx_word' id='word_1_300' title='bbox 1920 3224 1997 3278; x_wconf 84' lang='lat' dir='ltr'><strong>ad</strong></span> <span class='ocrx_word' id='word_1_301' title='bbox 2029 3239 2140 3277; x_wconf 82' lang='lat' dir='ltr'><strong>voc.</strong></span> <span class='ocrx_word' id='word_1_302' title='bbox 2180 3238 2298 3276; x_wconf 80' lang='lat' dir='ltr'><strong>ces-</strong></span> 
     </span>
     <span class='ocr_line' id='line_1_35' title="bbox 264 3292 2298 3363; baseline 0.001 -19"><span class='ocrx_word' id='word_1_303' title='bbox 264 3308 412 3347; x_wconf 82' lang='lat' dir='ltr'><strong>sare:</strong></span> <span class='ocrx_word' id='word_1_304' title='bbox 451 3293 647 3348; x_wconf 76' lang='lat' dir='ltr'><strong>Ezech.</strong></span> <span class='ocrx_word' id='word_1_305' title='bbox 687 3297 762 3346; x_wconf 86' lang='lat'><strong>37</strong></span> <span class='ocrx_word' id='word_1_306' title='bbox 796 3310 837 3348; x_wconf 84' lang='lat' dir='ltr'><strong>c.</strong></span> <span class='ocrx_word' id='word_1_307' title='bbox 881 3294 933 3348; x_wconf 83' lang='lat' dir='ltr'><strong><em>V</em></strong></span> <span class='ocrx_word' id='word_1_308' title='bbox 964 3294 1024 3347; x_wconf 92' lang='lat' dir='ltr'><strong>in</strong></span> <span class='ocrx_word' id='word_1_309' title='bbox 1060 3310 1236 3363; x_wconf 84' lang='lat' dir='ltr'><strong>marg.</strong></span> <span class='ocrx_word' id='word_1_310' title='bbox 1267 3296 1286 3363; x_wconf 75' lang='lat' dir='ltr'>n</span> <span class='ocrx_word' id='word_1_311' title='bbox 1314 3299 1347 3347; x_wconf 85' lang='lat'>5</span> <span class='ocrx_word' id='word_1_312' title='bbox 1385 3293 1546 3347; x_wconf 91' lang='lat' dir='ltr'><strong>illam</strong></span> <span class='ocrx_word' id='word_1_313' title='bbox 1584 3294 1659 3347; x_wconf 90' lang='lat' dir='ltr'><strong>K.</strong></span> <span class='ocrx_word' id='word_1_314' title='bbox 1706 3296 1725 3358; x_wconf 88' lang='grc' dir='ltr'><strong>ΙΙ</strong></span> <span class='ocrx_word' id='word_1_315' title='bbox 1771 3300 1819 3348; x_wconf 80' lang='grc' dir='ltr'><strong>ὅ.</strong></span> <span class='ocrx_word' id='word_1_316' title='bbox 1853 3299 1884 3346; x_wconf 89' lang='grc'><strong>6</strong></span> <span class='ocrx_word' id='word_1_317' title='bbox 1924 3294 2141 3348; x_wconf 84' lang='lat' dir='ltr'><strong>somnio</strong></span> <span class='ocrx_word' id='word_1_318' title='bbox 2176 3292 2298 3346; x_wconf 89' lang='lat' dir='ltr'>Na-</span> 
     </span>
     <span class='ocr_line' id='line_1_36' title="bbox 262 3362 2296 3435; baseline 0 -19"><span class='ocrx_word' id='word_1_319' title='bbox 262 3362 659 3435; x_wconf 81' lang='lat' dir='ltr'><strong>bugodonosor</strong></span> <span class='ocrx_word' id='word_1_320' title='bbox 704 3365 779 3419; x_wconf 89' lang='lat' dir='ltr'><strong>K.</strong></span> <span class='ocrx_word' id='word_1_321' title='bbox 835 3366 854 3434; x_wconf 87' lang='grc' dir='ltr'><strong>ΙΙ</strong></span> <span class='ocrx_word' id='word_1_322' title='bbox 911 3370 939 3417; x_wconf 79' lang='grc'><strong>’1</strong></span> <span class='ocrx_word' id='word_1_323' title='bbox 979 3365 1239 3419; x_wconf 80' lang='lat' dir='ltr'><strong>advertas</strong></span> <span class='ocrx_word' id='word_1_324' title='bbox 1295 3366 1514 3419; x_wconf 86' lang='lat' dir='ltr'><strong>attente</strong></span> <span class='ocrx_word' id='word_1_325' title='bbox 1561 3366 1637 3420; x_wconf 90' lang='lat' dir='ltr'><strong>K.</strong></span> <span class='ocrx_word' id='word_1_326' title='bbox 1712 3371 1890 3420; x_wconf 75' lang='lat' dir='ltr'><strong>textus</strong></span> <span class='ocrx_word' id='word_1_327' title='bbox 1944 3366 2085 3421; x_wconf 78' lang='lat' dir='ltr'><strong>bibie</strong></span> <span class='ocrx_word' id='word_1_328' title='bbox 2142 3365 2194 3419; x_wconf 83' lang='lat' dir='ltr'><strong><em>V</em></strong></span> <span class='ocrx_word' id='word_1_329' title='bbox 2236 3365 2296 3417; x_wconf 93' lang='lat' dir='ltr'><strong>in</strong></span> 
     </span>
     <span class='ocr_line' id='line_1_37' title="bbox 261 3434 2297 3507; baseline 0 -19"><span class='ocrx_word' id='word_1_330' title='bbox 261 3450 439 3504; x_wconf 84' lang='lat' dir='ltr'><strong>marg.</strong></span> <span class='ocrx_word' id='word_1_331' title='bbox 459 3466 528 3474; x_wconf 92' lang='lat'>—</span> <span class='ocrx_word' id='word_1_332' title='bbox 548 3435 618 3491; x_wconf 89' lang='lat' dir='ltr'><strong>cf.</strong></span> <span class='ocrx_word' id='word_1_333' title='bbox 639 3434 844 3489; x_wconf 88' lang='lat' dir='ltr'><strong>Daniel</strong></span> <span class='ocrx_word' id='word_1_334' title='bbox 883 3440 1177 3501; x_wconf 82' lang='lat'><strong>2‚31—40.</strong></span> <span class='ocrx_word' id='word_1_335' title='bbox 1207 3438 1226 3506; x_wconf 78' lang='grc' dir='ltr'><strong>ΙΙ</strong></span> <span class='ocrx_word' id='word_1_336' title='bbox 1254 3440 1287 3489; x_wconf 92' lang='grc'>8</span> <span class='ocrx_word' id='word_1_337' title='bbox 1325 3438 1544 3490; x_wconf 83' lang='lat' dir='ltr'><strong>statura</strong></span> <span class='ocrx_word' id='word_1_338' title='bbox 1580 3435 1725 3490; x_wconf 85' lang='lat' dir='ltr'><strong>subl.</strong></span> <span class='ocrx_word' id='word_1_339' title='bbox 1757 3437 2011 3507; x_wconf 76' lang='lat' dir='ltr'><strong>Vulyata.</strong></span> <span class='ocrx_word' id='word_1_340' title='bbox 2043 3438 2062 3506; x_wconf 82' lang='grc' dir='ltr'><strong>ΙΙ</strong></span> <span class='ocrx_word' id='word_1_341' title='bbox 2092 3441 2159 3489; x_wconf 83' lang='grc'><strong>14</strong></span> <span class='ocrx_word' id='word_1_342' title='bbox 2197 3434 2297 3488; x_wconf 90' lang='lat' dir='ltr'><strong>ab-</strong></span> 
     </span>
     <span class='ocr_line' id='line_1_38' title="bbox 263 3505 2297 3577; baseline -0.001 -16"><span class='ocrx_word' id='word_1_343' title='bbox 263 3505 469 3561; x_wconf 80' lang='lat' dir='ltr'><strong>scissus</strong></span> <span class='ocrx_word' id='word_1_344' title='bbox 518 3507 676 3577; x_wconf 73' lang='lat' dir='ltr'><strong>Vuly.</strong></span> <span class='ocrx_word' id='word_1_345' title='bbox 713 3513 767 3573; x_wconf 71' lang='lat' dir='ltr'><strong>et</strong></span> <span class='ocrx_word' id='word_1_346' title='bbox 803 3508 878 3562; x_wconf 91' lang='lat' dir='ltr'><strong>K.</strong></span> <span class='ocrx_word' id='word_1_347' title='bbox 917 3508 936 3575; x_wconf 88' lang='grc' dir='ltr'><strong>ΙΙ</strong></span> <span class='ocrx_word' id='word_1_348' title='bbox 983 3513 1048 3561; x_wconf 77' lang='grc'><strong>17</strong></span> <span class='ocrx_word' id='word_1_349' title='bbox 1089 3507 1276 3563; x_wconf 81' lang='lat' dir='ltr'><strong>extive</strong></span> <span class='ocrx_word' id='word_1_350' title='bbox 1324 3509 1386 3564; x_wconf 88' lang='lat' dir='ltr'><strong>V.</strong></span> <span class='ocrx_word' id='word_1_351' title='bbox 1415 3509 1434 3577; x_wconf 87' lang='grc' dir='ltr'><strong>ΙΙ</strong></span> <span class='ocrx_word' id='word_1_352' title='bbox 1479 3512 1548 3560; x_wconf 83' lang='lat'><strong>20</strong></span> <span class='ocrx_word' id='word_1_353' title='bbox 1587 3506 1866 3561; x_wconf 83' lang='lat' dir='ltr'><strong>somnium</strong></span> <span class='ocrx_word' id='word_1_354' title='bbox 1905 3509 1979 3563; x_wconf 91' lang='lat' dir='ltr'><strong>K.</strong></span> <span class='ocrx_word' id='word_1_355' title='bbox 2027 3510 2046 3577; x_wconf 84' lang='grc' dir='ltr'><strong>ΙΙ</strong></span> <span class='ocrx_word' id='word_1_356' title='bbox 2092 3512 2158 3560; x_wconf 83' lang='grc'><strong>21</strong></span> <span class='ocrx_word' id='word_1_357' title='bbox 2196 3523 2297 3562; x_wconf 84' lang='lat' dir='ltr'><strong>rex</strong></span> 
     </span>
     <span class='ocr_line' id='line_1_39' title="bbox 272 3577 1996 3650; baseline 0.001 -19"><span class='ocrx_word' id='word_1_358' title='bbox 272 3578 335 3632; x_wconf 88' lang='lat' dir='ltr'><strong>V.</strong></span> <span class='ocrx_word' id='word_1_359' title='bbox 383 3577 563 3649; x_wconf 64' lang='lat' dir='ltr'><em>Vuly„</em></span> <span class='ocrx_word' id='word_1_360' title='bbox 599 3579 743 3634; x_wconf 72' lang='lat' dir='ltr'><strong>deest</strong></span> <span class='ocrx_word' id='word_1_361' title='bbox 775 3580 840 3632; x_wconf 80' lang='lat' dir='ltr'><strong>in</strong></span> <span class='ocrx_word' id='word_1_362' title='bbox 878 3579 951 3633; x_wconf 88' lang='lat' dir='ltr'><strong>K.</strong></span> <span class='ocrx_word' id='word_1_363' title='bbox 982 3580 1001 3649; x_wconf 80' lang='grc' dir='ltr'><strong>ΙΙ</strong></span> <span class='ocrx_word' id='word_1_364' title='bbox 1029 3583 1095 3632; x_wconf 84' lang='grc'><strong>27</strong></span> <span class='ocrx_word' id='word_1_365' title='bbox 1135 3578 1324 3633; x_wconf 81' lang='lat' dir='ltr'><strong>minus</strong></span> <span class='ocrx_word' id='word_1_366' title='bbox 1360 3581 1421 3633; x_wconf 88' lang='lat' dir='ltr'><strong>te</strong></span> <span class='ocrx_word' id='word_1_367' title='bbox 1459 3580 1791 3647; x_wconf 84' lang='lat' dir='ltr'><strong>argenteum</strong></span> <span class='ocrx_word' id='word_1_368' title='bbox 1839 3579 1996 3650; x_wconf 76' lang='lat' dir='ltr'><strong><em>Vuly.</em></strong></span> 
     </span>
    </p>
   </div>
  </div>
 </body>
</html>
