2650 3925
390 214 474 290 -1‘6
1245 226 1248 229 ·
1366 219 1450 280 11-

383 378 609 436 Brutus
655 377 843 453 adest,
890 376 998 436 alii
1044 378 1209 437 caelo
1256 377 1518 438 cecidere
1566 375 1849 437 Catones!
1902 410 1908 417 ·

387 464 502 525 Sed
549 484 685 525 cum
728 468 852 528 tela
896 485 1110 526 manus
1153 458 1427 542 poscunt,
1472 466 1615 526 dum
1657 466 1907 527 vulnera
1952 470 2220 526 tractant

271 576 357 617 ³90
383 556 456 614 In
500 556 849 631 facinusque
896 556 1122 615 ardent·
1154 556 1357 631 animi,
1402 555 1544 615 dum
1589 559 1825 632 tempus
1872 559 1974 634 agi
2015 576 2161 631 rem,

383 644 708 705 Delituisse
754 647 925 704 iuvat
968 644 1247 720 tenebris,
1293 638 1365 704 ut
1408 648 1582 705 nocte
1628 646 1867 705 satelles

385 732 708 810 Captivum
749 735 956 794 trahat
1001 737 1063 794 et
1106 735 1347 794 sceleris
1391 733 1525 794 luat
1547 734 1706 794 -inde
1752 735 2030 794 furorem.

383 824 626 883 Excitat
668 824 969 883 interdum
1013 825 1172 884 vires
1215 826 1424 884 timor:
1470 824 1672 883 omnia
1715 826 1909 883 virtus

384 911 586 971 Audet
631 916 692 971 et
738 932 774 972 a
819 913 985 972 nullo
1031 912 1417 973 confunditur
1462 912 1649 972 ardua
1695 908 1889 972 casu.“

273 1020 357 1062 395
385 1002 553 1060 Felix
597 1002 814 1061 Roma!
861 1020 1050 1061 novus
1098 1000 1318 1061 Caesar
1363 1002 1639 1077 delapsus
1686 1002 1762 1061 ab
1809 1003 2005 1075 θεὴ-15,

387 1090 504 1161 Qui
547 1111 728 1167 mare,
773 1092 881 1168 qui
923 1094 1123 1151 terras
1157 1091 1532 1168 populosque
1579 1094 1641 1151 et
1683 1109 1870 1169 regna
1915 1092 2025 1150 sub
2071 1103 2190 1149 uno

386 1179 669 1239 Conferat
712 1182 964 1255 imperio
1011 1184 1072 1239 et
1116 1180 1280 1240 fama
1326 1174 1678 1240 conterritet
1722 1175 1943 1254 orbem,

382 1269 554 1329 Unde
599 1270 760 1329 viros
804 1289 1005 1352 rerum
1048 1268 1319 1329 dominos
1367 1288 1475 1328 sua
1520 1269 1715 1347 gloria
1759 1269 1923 1329 coelo

381 1357 687 1435 Aequabit
730 1361 960 1418 meritis
1007 1348 1069 1417 et
1113 1359 1288 1418 tollet
1319 1358 1411 1419 'ad
1457 1358 1698 1418 aethera
1741 1360 1951 1418 virtus.

272 1466 356 1505 400
384 1446 578 1516 Quam
621 1448 778 1506 male
825 1466 1004 1507 sanus
1052 1451 1181 1507 erat
1227 1465 1522 1524 caecaque
1567 1447 1844 1524 cupidine
1892 1443 2126 1523 captus!

385 1534 554 1605 Quod
601 1555 721 1596 non
764 1537 931 1596 mille
975 1555 1186 1596 manus
1230 1536 1394 1612 belli,
1437 1539 1533 1597 tot
1576 1536 1830 1595 fulmina
1876 1540 1937 1595 et
1983 1554 2169 1611 arma,

384 1626 502 1685 Tot
544 1626 902 1702 populorum
949 1628 1123 1700 acies,
1169 1629 1262 1685 tot
1305 1626 1491 1705 longa
1532 1628 1599 1684 in
1644 1625 1883 1686 saecula
1926 1643 2095 1704 reges

383 1714 615 1790 Totque
663 1714 861 1775 duces
885 1715 1032 1775 clari
1074 1714 1233 1774 bello
1278 1733 1406 1774 nec>
1432 1718 1627 1774 terror
1670 1714 1746 1774 ab
1793 1718 1912 1773 oris

383 1802 690 1863 Hannibal
736 1803 975 1879 Alpinis
1021 1807 1268 1879 potuere
1311 1803 1376 1862 in
1422 1806 1660 1863 moenia
1705 1804 1949 1878 Romae,

272 1912 354 1952 405
381 1891 498 1953 Hic
543 1892 660 1953 sibi
702 1892 826 1952 iam
871 1896 1078 1953 suasit.
1171 1893 1409 1964 Quanto
1456 1894 1599 1953 tulit
1645 1894 1844 1952 omnia
1890 1893 2078 1951 fastu!

382 1982 558 2042 Hunc
604 1985 738 2041 auri
783 1983 1072 2044 scelerata
1117 1984 1249 2042 sitis
1295 1985 1635 2060 nimiusque
1679 1980 1927 2059 rapinae

381 2070 724 2131 Incestabat
769 2092 951 2132 amor.
1045 2071 1275 2131 Statuit
1318 2076 1538 2132 natura
1581 2072 1791 2132 beatos

382 2161 528 2221 Esse
573 2162 754 2236 virOS,
798 2163 852 2220 si
896 2168 1016 2238 qua
1062 2163 1327 2221 contenti
1372 2164 1531 2221 sorte
1575 2163 1903 2221 manerent.

383 2250 499 2309 Sed
545 2251 696 2310 vitio
741 2250 1024 2327 impliciti
1067 2250 1351 2324 rabieque
1395 2249 1662 2309 libidinis
1709 2268 1896 2309 annos

272 2359 355 2400 410
382 2338 543 2399 Ante
586 2341 750 2415 ipsos
795 2342 1031 2400 teneras
1077 2339 1271 2399 foetus
1316 2342 1661 2400 truncamus
1705 2341 1771 2397 in
1814 2338 2029 2398 herbas

381 2428 710 2503 Virtutum,
754 2432 825 2488 ut
867 2429 1041 2489 fiores
1086 2430 1390 2505 nequeant
1431 2427 1756 2505 producere
1799 2428 2045 2487 fructus.

385 2516 451 2576 Si
494 2536 816 2578 memorem
864 2518 1107 2576 annales
1152 2519 1466 2593 primaque
1511 2518 1586 2577 ab
1632 2517 1861 2596 origine
1904 2517 2156 2576 Romam

385 2603 618 2680 ordiar,
662 2607 818 2666 hanc
864 2610 1124 2682 primum
1171 2598 1450 2667 fraterno
1484 2607 1773 2684 sanguine
1800 2609 2002 2665 *tinxit

381 2696 671 2756 Romulus
720 2699 781 2755 et
825 2699 1029 2771 rapuit
1074 2696 1300 2755 violato
1346 2696 1584 2756 foedere
1628 2699 1864 2771 nuptas,

269 2804 353 2845 416
381 2785 657 2844 Viximus
704 2804 771 2844 ex
817 2789 993 2862 rapto
1040 2803 1150 2844 nec
1195 2785 1308 2843 diis
1356 2803 1463 2844 nec
1507 2783 1740 2863 legibus
1786 2784 1964 2863 ullis„-
2051 2793 2064 2803 “·

385 2872 554 2943 Quod
599 2874 781 2933 libuit
824 2877 1063 2934 tantum
1107 2873 1307 2933 fuerat
1352 2874 1623 2933 Romana
1667 2876 1956 2950 potestas
2075 2910 2079 2914 -

385 2962 674 3042 Regibus:
718 2964 784 3022 hi
830 2963 957 3023 solo
1003 2963 1332 3022 ductabant
1377 2962 1616 3041 singula
1660 2962 1819 3023 voto.
1957 2990 1964 2996 ·
2037 2970 2078 2975 ““

380 3051 540 3112 Filia
584 3071 704 3112 non
746 3054 952 3111 miseri
998 3054 1346 3128 carpentum
1391 3054 1456 3110 in
1501 3071 1745 3129 corpore
1790 3053 1981 3128 patris
2039 3090 2042 3093 >
2081 3106 2084 3109 .

382 3141 642 3201 Erubuit
686 3141 974 3220 largoque
1019 3143 1183 3201 rotas
1231 3144 1461 3219 agitare
1508 3159 1734 3214 cruore,

270 3251 354 3290 420
381 3230 717 3307 Deturpare
762 3230 935 3305 lares,
983 3230 1196 3307 opibus
1239 3249 1542 3309 regnoque
1586 3232 1775 3307 potiri

381 3320 498 3379 Per
542 3320 750 3380 scelus.
841 3320 978 3380 Heu
1024 3321 1218 3379 fatum
1261 3321 1535 3396 pervenit
1580 3319 1847 3396 adusque
1892 3319 2184 3378 minores,-

2244 3525 2410 3580 tullia

524 3602 629 3652 405
666 3596 859 3651 faustu
885 3600 904 3667 ss
933 3602 1036 3650 412
1073 3597 1134 3651 in
1161 3613 1367 3668 marg.=
1399 3599 1620 3668 primus
1654 3605 1834 3654 status
1867 3597 2023 3653 urbis
2048 3600 2067 3666 ΙΙ
2094 3601 2198 3652 418
2236 3595 2384 3650 Filia
