2650 3925
1054 223 1300 279 VENVS
1339 223 1590 279 AVREA
2235 224 2323 287 35

1249 457 1364 523 ΠΙ.

424 591 627 651 Venus
656 610 837 651 aurea
864 593 1078 650 natum
1107 590 1485 651 aberrantem
1517 589 1792 667 deplorat
1821 590 2116 666 afflictim,
2145 610 2322 667 quem
2419 620 2424 624 ·

291 683 483 739 terras
530 699 600 740 ac
659 681 891 740 caelum
945 681 1252 756 speculata
1304 697 1604 757 nusquam
1668 682 1971 756 comperit.
2062 678 2323 755 Inquisi-

292 772 450 829 tores
499 788 701 829 omnes
747 788 874 828 esse
919 770 1076 842 vult3
1121 769 1216 830 his
1261 770 1531 845 praemia
1565 768 1713 829 satis
1760 769 1942 847 digna
1986 768 2324 845 pollicetur,

291 860 655 918 monstranti
698 857 994 919 basiolum
1038 857 1307 934 spondet,
1343 857 1652 922 reducenti
1686 861 1896 917 natum
1934 876 1996 917 se
2033 858 2139 917 dat
2176 876 2321 935 quo-

290 948 462 1007 lubet
521 947 698 1006 modo
761 947 961 1024 potiri.
1041 947 1330 1026 Elegiam
1390 948 1547 1008 hanc
1610 947 1685 1006 ab
1741 966 1803 1007 se
1868 947 2090 1005 editam
2154 946 2323 1006 iubet

293 1055 419 1097 esse
463 1055 573 1113 pro
619 1036 979 1097 vadimonio.
1072 1036 1285 1098 Tantis
1330 1038 1521 1116 igitur
1573 1038 1857 1112 praemiis
1920 1055 2056 1095 cum
2111 1036 2321 1095 adhor-

291 1128 455 1185 tetur
496 1144 998 1202 unumquemque,
1056 1127 1173 1184 erit
1217 1144 1433 1206 operae
1490 1126 1752 1201 pretium
1808 1125 2109 1202 inquirere
2167 1125 2322 1184 ludi-

290 1214 525 1275 bundus
584 1216 688 1273 ille
749 1233 868 1290 quo
935 1215 1142 1276 lateat.
1235 1214 1348 1289 Tu,
1414 1214 1518 1290 qui
1579 1215 1830 1274 Veneris
1895 1212 2186 1274 desiderio
2252 1233 2322 1273 ac

290 1304 554 1364 lacrimis
599 1304 891 1382 indulges,
929 1303 1248 1381 diligenter
1284 1305 1339 1364 si
1376 1304 1695 1381 quaeritas,
1733 1303 1949 1381 dignus
1996 1305 2111 1363 eris
2148 1306 2322 1363 tanto

289 1412 549 1453 munere.

1046 1593 1281 1649 Venus
1336 1608 1564 1650 aurea.

288 1714 457 1773 Flete
502 1732 665 1773 meos
713 1705 794 1794 (si
841 1732 960 1791 qua
982 1703 1097 1774 'est
1139 1715 1343 1774 meriti
1385 1713 1535 1773 mihi
1580 1706 1807 1796 gratia)
1856 1732 2045 1788 casae,

382 1802 540 1872 Quos
585 1804 836 1862 Veneris
880 1805 1141 1880 tangunt
1185 1801 1514 1862 cordolium
1561 1807 1623 1862 et
1665 1804 1972 1863 lacrimae!

290 1893 409 1951 Hei
453 1892 620 1968 mihi,
667 1891 907 1969 quando
952 1911 1149 1950 meum
1194 1894 1393 1952 totum
1437 1893 1746 1970 speculata
1789 1912 1897 1970 per
1942 1891 2142 1951 orbem

382 1981 751 2042 Perdiderim
796 1984 1010 2043 natum
1054 1982 1537 2058 perdiderimque
1584 1981 1869 2042 animam!

239 2093 263 2134 5
293 2071 422 2141 Quo
470 2072 626 2131 calet
668 2074 809 2150 igne
853 2071 1079 2145 Venus,
1125 2072 1303 2131 cessit
1346 2070 1488 2130 mea'
1526 2090 1669 2130 cura
1717 2071 1947 2147 Cupido

380 2161 464 2220 Et
509 2179 709 2219 secum
754 2162 912 2221 vires
958 2158 1320 2237 deliciasque
1366 2161 1527 2219 tulit.

292 2249 452 2309 Nate
497 2248 678 2308 simul
721 2252 924 2309 tecum
967 2251 1114 2308 totis
1159 2250 1424 2309 resoluta
1467 2249 1745 2309 medullis

382 2336 617 2398 Gaudia
664 2341 894 2416 quanta
938 2337 1091 2415 dedi,
1138 2338 1361 2417 gaudia
1406 2342 1633 2414 quanta
1677 2338 1819 2398 tuli!

290 2427 615 2486 Molliculis
663 2427 937 2505 quotiens
982 2427 1277 2487 Venerem
1322 2428 1563 2488 condire
1608 2428 1839 2488 solebas

212 2539 264 2579 10
385 2516 658 2591 Saviolis‚
705 2515 945 2592 quando
993 2516 1194 2575 dulcia
1238 2517 1410 2576 furta
1454 2516 1702 2575 dabam!

291 2605 468 2681 Nate,
513 2625 681 2666 meae
725 2606 882 2665 vires
929 2608 992 2664 et
1035 2605 1319 2667 deliciosa
1363 2606 1663 2682 voluptas,

384 2696 467 2754 Te
513 2696 638 2755 sine
684 2694 941 2770 deficior,
985 2696 1047 2753 te
1093 2693 1219 2753 sine
1264 2695 1397 2753 luce
1442 2696 1617 2755 oculi.

293 2784 429 2844 Heu
476 2802 658 2860 quam
701 2803 873 2844 carus
921 2801 1053 2844 eras
1099 2786 1301 2844 suetus
1349 2783 1646 2844 colludere
1690 2786 1969 2844 mammis

385 2873 466 2932 Et
509 2873 657 2932 mihi
702 2873 928 2933 lascivo
973 2873 1237 2932 lambere
1256 2888 1262 2901 ²
1278 2872 1460 2935 ‘dente
1505 2892 1714 2951 genae,

212 2984 264 3024 15
300 2962 540 3032 Quanta
585 2963 745 3022 leves
789 2964 950 3021 inter
993 2962 1166 3022 fletus
1214 2964 1276 3021 et
1320 2962 1543 3041 gaudia
1588 2962 1787 3042 carpsi

382 3052 583 3126 Basia,
630 3069 764 3111 cum
811 3051 1037 3130 gemitu
1081 3070 1391 3110 murmura
1434 3053 1583 3110 trita
1629 3051 1840 3111 dabas!

293 3141 436 3216 Ipsa
480 3145 617 3200 tuos
661 3140 918 3200 tremulo
966 3140 1206 3200 solabar
1249 3142 1512 3201 carmine
1556 3141 1752 3201 luctus
1798 3173 1887 3180 —

383 3229 518 3289 Heu
563 3230 813 3289 Veneris
860 3248 1034 3289 nemo
1082 3228 1357 3289 condolet
1404 3229 1482 3288 ad
1525 3230 1821 3289 lacrimas.

298 3318 489 3388 Quam
534 3318 712 3378 facile
756 3320 1022 3396 irrepens
1075 3337 1208 3377 cum
1253 3321 1525 3395 posceret
1570 3322 1695 3378 otia
1743 3337 2001 3393 somnus,

210 3429 266 3469 20
388 3407 752 3487 Spargebam
799 3411 1035 3468 teneras
1081 3410 1215 3485 ipsa
1258 3427 1369 3484 per
1413 3426 1519 3467 ora
1560 3409 1761 3467 rosas!

295 3497 484 3557 Dulce
528 3516 727 3556 meum
772 3492 1122 3557 solaciolum
1166 3498 1447 3572 vitaeque
1491 3498 1788 3574 voluptaS,

387 3586 517 3656 Quo
562 3587 770 3646 latitas
817 3588 1053 3646 animae
1098 3586 1281 3664 longa
1329 3586 1615 3646 alimenta
1660 3584 1869 3646 meae?

1830 3684 1899 3738 3·
