2650 3925
551 199 649 254 DE
687 199 1235 256 CONIVRATIONE
1270 197 1641 256 PORCARJA
1678 199 2043 255 DIALOGVS
2224 198 2313 263 59

284 348 390 426 qui
435 351 543 409 alii
584 371 695 427 per
747 350 899 411 alias
953 353 1158 428 portas
1205 350 1418 415 domus
1465 354 1527 411 et
1580 352 1841 454 posticos
1897 351 2079 411 etiam
2133 350 2320 410 libere

284 438 535 500 exivere.
644 440 954 500 Redeunte
1016 460 1158 502 vero
1219 441 1296 499 ad
1356 442 1598 517 portam
1646 439 1834 517 ipsius
1891 439 2109 501 domus
2161 440 2318 500 vice-

284 530 611 589 camerario
658 531 825 606 capti
869 532 1013 590 sunt
1048 530 1136 589 ibi
1182 533 1445 607 quatuor
1489 531 1753 590 forenses
1792 548 1829 588 a
1864 529 2145 605 Baptista
2182 548 2321 589 con-

284 617 446 678 ducti
495 617 599 677 sed
644 619 922 679 factionis
968 619 1180 698 ignari.

230 732 257 772 5
419 707 488 766 Β.
559 707 831 768 Audacia
879 711 939 767 et
982 708 1390 784 praesumptio
1437 709 1724 767 maxima!
1771 707 1925 777 Quid
1971 708 2168 767 facere
2213 727 2318 784 po-

283 796 543 856 tuissent
596 799 725 858 tam
785 799 967 874 pauci
1029 797 1172 857 viril
1242 797 1435 856 Video
1499 797 1763 872 leporem
1827 798 2036 856 contra
2087 798 2322 856 leonem

283 885 509 944 bellare
554 886 725 947 velle.

418 974 484 1034 F.
560 974 701 1050 Sile,
745 978 832 1035 mi
877 975 1101 1051 doctor,
1148 980 1209 1035 et
1253 975 1361 1035 alii
1405 975 1692 1036 favebant
1736 978 1799 1034 et
1849 977 2009 1034 inter
2060 975 2170 1034 hos
2216 975 2256 1033 J
2259 993 2321 1033 a·

286 1063 466 1123 cobus
531 1064 879 1140 Lellicechi,
950 1064 1220 1143 Angelus
1285 1065 1358 1124 de
1420 1064 1617 1140 Mas0,
1691 1064 1797 1140 qui
1858 1063 2017 1124 filius
2071 1063 2322 1123 Martini

207 1177 259 1217 ιο
284 1171 480 1229 papae
540 1152 598 1210 V
662 1153 989 1229 dicebatur,
1054 1153 1347 1229 Stephani
1408 1152 1678 1213 Porcarii
1739 1155 1970 1229 sororii,
2033 1153 2321 1213 Nicolaus

288 1240 496 1303 Gallus
561 1243 882 1303 canonicus
945 1241 1231 1303 basilicae
1297 1242 1491 1302 sancti
1553 1241 1745 1316 Petri,
1808 1243 1998 1317 ipsius
2064 1261 2137 1301 ex
2200 1243 2323 1302 alia

286 1350 486 1394 sorore
530 1351 734 1408 nepos,
769 1332 835 1391 in
873 1350 1126 1407 quorum
1162 1332 1435 1391 domibus
1470 1335 1709 1407 reperta
1744 1334 1888 1390 sunt
1923 1350 2092 1390 arma
2128 1332 2322 1408 plura.

286 1420 368 1478 Et
402 1420 444 1478 J
444 1419 665 1480 acobus
709 1421 832 1495 ille,
877 1422 948 1479 ut
991 1420 1241 1480 haberet
1284 1421 1600 1497 pecuniam
1644 1439 1754 1496 pro
1801 1421 1983 1479 armis
2022 1424 2083 1480 et
2128 1420 2322 1495 sociiS,

286 1509 403 1570 hiis
461 1509 667 1569 diebus
720 1508 1076 1569 vendiderat
1128 1529 1237 1585 pro
1301 1509 1469 1568 mille
1534 1510 1766 1568 ducatis
1832 1509 2073 1569 domum
2135 1528 2324 1568 unam

208 1621 259 1662 15
286 1598 326 1656 J
330 1597 516 1658 acobo
563 1598 748 1659 Calvo
795 1598 1043 1659 soldano
1090 1618 1303 1676 papae.

422 1688 490 1747 B.
563 1687 688 1747 Hui
734 1688 785 1746 si
830 1688 1140 1764 vicissent,
1194 1688 1489 1747 habuerat
1533 1687 1586 1746 is
1630 1687 1913 1764 pecunias
1960 1690 2022 1745 et
2076 1649 2324 1746 domum

287 1775 660 1837 rehabuisset
705 1781 766 1836 et
810 1777 1068 1878 plenam.

421 1866 487 1926 F.
561 1866 644 1926 Et
696 1865 968 1944 Angelus
1029 1867 1157 1942 ipse
1221 1885 1361 1925 cum
1409 1865 1711 1926 Clemente
1767 1865 1892 1924 eius
1946 1865 2072 1925 filio
2140 1857 2326 1946 (nunc

288 1957 471 2016 etiam
515 1956 584 2016 in
636 1956 806 2016 furca
864 1955 1152 2034 Capitolii
1213 1957 1461 2032 propter
1520 1954 1633 2015 hoc
1697 1955 1969 2032 suspensi
2030 1947 2323 2035 pendent)

209 2068 261 2108 ιο
286 2045 376 2104 hii
420 2044 656 2121 plebem
692 2045 765 2105 de
807 2046 974 2105 facili
1019 2046 1450 2119 sublevassent,
1494 2048 1625 2104 tum
1670 2044 2003 2121 cupiditate
2046 2044 2325 2120 praedae,

286 2136 418 2194 tum
457 2137 600 2211 quia
635 2136 819 2194 multi
854 2137 995 2196 sunt
1038 2134 1276 2195 banniti
1312 2136 1378 2193 et
1421 2133 1841 2210 condempnati
1888 2134 2100 2209 acrius,
2139 2152 2324 2209 quam

289 2241 351 2282 se
398 2222 470 2282 de
515 2224 644 2284 iure
689 2225 904 2284 mereri
947 2226 1182 2301 putent.

422 2312 490 2371 B.
566 2312 872 2382 Quomodo
935 2313 1273 2390 Stephanus
1335 2315 1397 2371 et
1454 2312 1722 2390 Angelus
1783 2330 1918 2371 cum
1975 2311 2100 2371 filio
2161 2311 2326 2387 capti

290 2398 469 2459 sunt?

210 2512 262 2552 25
422 2489 490 2548 F.
566 2488 837 2549 Clemens
881 2490 1041 2550 filius
1085 2491 1214 2567 ipse
1263 2493 1525 2550 sentiens
1578 2490 1903 2550 factionem
1946 2491 2153 2566 palam
2198 2508 2326 2550 esse

288 2578 405 2639 ivit
449 2578 692 2639 domum
735 2580 929 2655 patris
975 2583 1037 2639 et
1080 2582 1318 2656 patiens
1367 2598 1471 2640 seu
1515 2579 1745 2657 fingens
1791 2598 1855 2640 se
1909 2581 2044 2656 pati
2097 2578 2326 2638 febrem

288 2686 352 2728 se
406 2669 613 2744 posuit
662 2669 730 2727 in
781 2669 955 2728 lecto.
1045 2668 1136 2727 De
1190 2670 1323 2746 ipso
1380 2668 1611 2729 dictum
1665 2672 1796 2728 erat
1847 2669 2324 2746 vicecamerario,

288 2757 492 2834 sicque
538 2757 611 2817 de
654 2756 939 2817 mandato
987 2759 1113 2818 eius
1166 2758 1624 2818 merreschalchi
1666 2758 1909 2817 iverunt
1961 2757 2040 2817 ad
2084 2758 2324 2833 capien-

289 2845 433 2906 dum
478 2846 845 2907 Clementem
905 2848 1106 2922 ipsum
1159 2849 1220 2906 et
1282 2847 1653 2907 invenientes
1707 2848 1772 2905 in
1826 2847 1982 2906 lecto
2040 2848 2327 2922 ceperunt

208 2959 262 2999 so
290 2955 430 2995 eum
467 2939 530 2995 et
562 2937 629 2995 in
674 2936 849 2996 domo
885 2936 996 2994 illa
1040 2936 1235 2996 multa
1280 2955 1451 2995 arma
1485 2955 1595 3012 pro
1640 2936 1903 2995 factione
1949 2937 2323 2996 invenerunt.

287 3023 539 3084 Interim
603 3025 884 3085 emissum
946 3025 1067 3084 fuit
1125 3025 1661 3101 bampnimentum‚
1728 3025 1886 3100 quod
1935 3024 2041 3101 qui
2103 3026 2328 3100 ceperit

287 3113 493 3175 vivum
539 3113 910 3191 Stephanum
945 3115 1210 3175 lucretur
1254 3114 1422 3175 mille
1459 3114 1724 3189 ducatos,
1771 3115 1876 3190 qui
1920 3133 2061 3174 vero
2109 3113 2327 3174 occidit

436 3363 464 3410 1
505 3373 605 3411 seu
640 3357 863 3426 postica
898 3357 975 3412 K.
1003 3358 1023 3426 ΙΙ
1063 3362 1095 3410 8
1136 3356 1283 3411 Scile
1332 3357 1394 3411 V.
1422 3358 1441 3425 ΙΙ
1487 3361 1519 3409 9
1556 3354 1895 3411 bellichechi
1934 3356 2010 3409 K.
2056 3357 2075 3424 11
2122 3358 2188 3407 16
2226 3353 2326 3408 Hii

290 3426 642 3568 ἰίἑῖῗῗῗῆ
666 3428 754 3554 ἐξ
771 3428 1430 3568 &3031313‘3512051‘5
1444 3429 1512 3553 2¹¹⁶
1523 3425 2327 3567 22dbffl3m⁶⁶1sd²ffflgs⁸¹zss⁶

290 3569 514 3626 rescalli
552 3572 627 3626 K.
656 3574 675 3641 n
703 3576 769 3624 31
808 3569 1238 3625 bannimentum
1276 3571 1352 3626 K
1381 3573 1401 3641 ΙΙ
1429 3574 1496 3623 32
1536 3569 1807 3625 occiderit
1844 3570 1919 3623 K.
